@String{AC = {Analytical Chemistry}}

@String{ACHA = {Applied and Computational Harmonic Analysis}}

@String{AJNR = {American Journal of Neuroradiology}}

@String{AJP = {American Journal of Psychiatry}}
@String{AJR = {American Journal of Radiology}}

@String{AMS = {Annals of Mathematical Statistics}}

@String{AofS = {Annals of Statistics}}

@String{AS = {Applied Statistics}}

@String{AGP = {Archives of General Psychiatry}}

@String{BC = {Biological Cybernetics}}

@String{BJS = {British Journal of Surgery}}

@String{BKA = {Biometrika}}

@String{BP = {Biological Psychiatry}}

@String{BR = {Brain Research}}

@String{CMR = {Concepts in Magnetic Resonance}}

@String{CN = {Clinical Neurophysiology}}

@String{CinS = {Communications in Statistics}}

@String{CS = {Computational Statistics}}

@String{CSDA = {Computational Statistics \& Data Analysis}}

@String{EAPCN = {European Archives of Psychiatry and Clinical Neuroscience}}

@String{ECN = {Electroencephalography and Clinical Neurophysiology}}

@String{HBM = {Human Brain Mapping}}

@String{HR = {Hearing Research}}

@String{HPCE = {Human Psychopharmacology Clinical and Experimental}}

@String{IAS = {Image Analysis \& Stereology}}

@String{IEEEEMBM = {IEEE Engineering in Biology and Medicine Magazine}}

@String{IEEETBE = {IEEE Transactions on Biomedical Engineering}}

@String{IEEETIP = {IEEE Transactions on Image Processing}}

@String{IEEETIT = {IEEE Transactions on Information Theory}}

@String{IEEETITB = {IEEE Transactions on Information Technology for Biomedicine}}

@String{IEEETMI = {IEEE Transactions on Medical Imaging}}

@String{IEEETNN = {IEEE Transactions on Neural Networks}}

@String{IEEETPAMI = {IEEE Transactions on Pattern Analysis and Machine Intelligence}}

@String{IEEETSP = {IEEE Transactions on Signal Processing}}

@String{IJP = {International Journal of Psychophysiology}}

@String{IJIST = {International Journal of Imaging Systems and Technology}}

@String{JAppStat = {Journal of Applied Statistics}}

@String{JASA = {Journal of the American Statistical Association}}

@String{JCAM = {Journal of Computational and Applied Mathematics}}

@String{JCAT = {Journal of Computer Assisted Tomography}}

@String{JCBFM = {Journal of Cerebral Blood Flow and Metabolism}}

@String{JCN = {Journal of Clinical Neurophysiology}}

@String{JCO = {Journal of Clinical Oncology}}

@String{JMA = {Journal of Multivariate Analysis}}

@String{JMR = {Journal of Magnetic Resonance}}

@String{JMRI = {Journal of Magnetic Resonance Imaging}}

@String{JNCI = {Journal of National Cancer Institute}}

@String{JNeur = {Journal of Neurology}}

@String{JNphy = {Journal of Neurophysiology}}

@String{JNM = {Journal of Neuroscience Methods}}

@String{JPP = {Journal of Pharmacokinetics and Pharmacodynamics}}

@String{JQSRT = {Journal of Quantitative Spectroscopy \& Radiative Transfer}}

@String{JRSSB = {Journal of the Royal Statistical Society B}}

@String{JSPI = {Journal of Statistical Planning and Inference}}

@String{JSS = {Journal of Statistical Software}}

@String{MAGMA = {Magnetic Resonance Materials in Physics, Biology and Medicine}}

@String{MIA = {Medical Image Analysis}}

@String{MRM = {Magnetic Resonance in Medicine}}

@String{MRI = {Magnetic Resonance Imaging}}

@String{NI = {NeuroImage}}

@String{NMRB = {NMR in Biomedicine}}

@String{NN = {Neural Networks}}

@String{NPB = {Neuropsychobiology}}

@String{NR = {NeuroReport}}

@String{PD = {Physica D}}

@String{PMB = {Physics in Medicine and Biology}}

@String{PR = {Pattern Recognition}}

@String{PTRSLA = {Philosophical Transactions of the Royal Society of London A}}

@String{SM = {Statistics in Medicine}}

@String{SMMR = {Statistical Methods in Medical Research}}

@String{SP = {Signal Processing}}

@String{SS = {Statistical Science}}

@String{SSin = {Statistica Sinica}}

@String{TJN = {The Journal of Neuroscience}}

%%%%%----------%%%%%----------%%%%%----------%%%%%----------%%%%%
%%%%%----------%%%%%----------%%%%%----------%%%%%----------%%%%%
%%%%%----------%%%%%----------%%%%%----------%%%%%----------%%%%%

@Manual{R,
  title =	 {R: A language and environment for statistical
                  computing},
  author =	 {{R Development Core Team}},
  organization = {R Foundation for Statistical Computing},
  address =	 {Vienna, Austria},
  year =	 2004,
  note =	 {{ISBN} 3-900051-00-3},
  url =		 {http://www.R-project.org}
}

@Article{agu-zar-des:empirical2,
  author =	 {G K Aguirre and E Zarahn and M D'Esposito},
  title =	 {Empirical analyses of {BOLD} {fMRI} statistics:
                  {II.} {Spatially} smoothed data collected under
                  null-hypothesis and experimental conditions},
  journal =	 NI,
  year =	 1997,
  volume =	 5,
  number =	 3,
  pages =	 {199--212}
}

@Article{ahe-etal:levenburg-marquardt,
  author =	 {T S Ahearn and R T Staff and T W Redpath adn S I K
                  Semple},
  title =	 {The use of the {Levenburg-Marquardt} curve-fitting
                  algorithm in pharmacokinetic modelling of {DCE-MRI}
                  data},
  journal =	 PMB,
  year =	 2005,
  volume =	 50,
  pages =	 {N85--N92}
}

@Article{ale-bar-arr:detection,
  author =	 {D C Alexander and G J Barker and S R Arridge},
  title =	 {Detection and modeling of non-{Gaussian} apparent
                  diffusion coefficient profiles in human brain data},
  journal =	 MRM,
  year =	 2002,
  volume =	 48,
  pages =	 {331--340}
}

@Article{ale-etal:frontal,
  author =	 {G S Alexopoulos and D N Kiosses and S J Choi and C F
                  Murphy and K O lim},
  title =	 {Frontal white matter microstructure and treatment
                  response of late-life depression: a preliminary
                  study},
  journal =	 AJP,
  year =	 2002,
  volume =	 159,
  number =	 11,
  pages =	 {1929--1932}
}

@Article{ale-etal:partial-volume,
  author =	 {A L Alexander and K M Hasan and M Lazar and J S
                  Tsuruda and D L Parker},
  title =	 {Analysis of partial volume effedts in
                  diffusion-tensor {MRI}},
  journal =	 MRM,
  year =	 2001,
  volume =	 45,
  pages =	 {770--780}
}

@Article{ale-etal:wavelet,
  author =	 {Alexander, M E and Baumgartner, R and
                  Windischberger, C and Moser, E and Somorjai, R L},
  title =	 {Wavelet domain de-noising of time-courses in {MR}
                  image sequences},
  journal =	 MRI,
  year =	 2000,
  volume =	 18,
  pages =	 {1129--1134}
}

@Article{and-pfu:event-related,
  author =	 {C Andrew and G Pfurtsheller},
  title =	 {Event-related coherence as a tool for studying
                  dynamic interaction of brain regions},
  journal =	 ECN,
  year =	 1996,
  volume =	 98,
  pages =	 {144--148}
}

@Article{and:theoretical,
  author =	 {A W Anderson},
  title =	 {Theoretical analysis of the effects of noise on
                  diffusion tensor imaging},
  journal =	 MRM,
  year =	 2001,
  volume =	 46,
  pages =	 {1174--1188}
}

@Article{ant-cha-cor:wavelets,
  author =	 {J-P Antoine and C Chauvin and A Coron},
  title =	 {Wavelets and related time-frequency techniques in
                  magnetic resonance spectroscopy},
  journal =	 NMRB,
  year =	 2001,
  volume =	 14,
  pages =	 {265--270}
}

@Article{ant-cor-der:water-peak,
  author =	 {J-P Antoine and A Coron and J-M Dereppe},
  title =	 {Water peak suppression: {T}ime-frequency vs
                  time-scale approach},
  journal =	 JMR,
  year =	 2000,
  volume =	 144,
  pages =	 {189--194}
}

@Unpublished{ant-sap:mixed-effects,
  author =	 {A Antoniandis and T Sapatinas},
  title =	 {Estimation and inference in functional mixed-effects
                  models},
  note =	 {submitted for publication}
}

@Article{apa-etal:testing,
  author =	 {T V Apanasovich and S Sheather and J R Lupton and N
                  Popovic and N D Turner and R S Chapkin and L A Braby
                  and R J Carroll},
  title =	 {Testing for spatial correlation in nonstationary
                  binary data, with application to aberrant crypt foci
                  in colon carcinogenesis},
  journal =	 {Biometrics},
  year =	 2003,
  volume =	 59,
  pages =	 {752--761}
}

@Article{ard-etal:mri,
  author =	 {B A Ardekani and J Nierenberg and M J Hoptman and D
                  C Javitt and K O Lim},
  title =	 {{MRI} study of white matter diffusion anisotropy in
                  schizophrenia},
  journal =	 NR,
  year =	 2003,
  volume =	 14,
  number =	 16,
  pages =	 {2025--2029}
}

@Book{arm-col:biostatistics,
  editor =	 {P Armitage and T Colton},
  title =	 {Encyclopedia of Biostatistics},
  publisher =	 {John Wiley \& Sons},
  year =	 1998,
  address =	 {Chichester}
}

@Article{ash-etal:computer-assisted,
  author =	 {J Ashburner and J B Csernansky and C Davatzikos and
                  N C Fox and G B Frisoni and P M Thompson},
  title =	 {Computer-assisted imaging to assess brain structure
                  in healthy and diseased brains},
  journal =	 {The Lancet Neurology},
  year =	 2003,
  volume =	 2,
  pages =	 {79--88}
}

@Article{ast-etal:pet,
  author =	 {J A D Aston and R N Gunn and K J Worsley and Y Ma
                  and A C Evans and A Dagher},
  title =	 {A Statistical Model for the Analysis of Positron
                  Emission Tomography Nerureceptor Ligand Data},
  journal =	 NI,
  year =	 2000,
  volume =	 12,
  pages =	 {245--256}
}

@Article{aub-cos:coupling,
  author =	 {A. Aubert and R. Costalat},
  title =	 {A model of the coupling between brain electrical
                  activity, metabolism, and hemodynamics:
                  {Application} to the interpretation of functional
                  neuroimaging},
  journal =	 NI,
  year =	 2002,
  volume =	 17,
  pages =	 {1162--1181}
}

@Article{bad-etal:MRI,
  author =	 {Badawy, W. and Weeks, M. and Zhang, G. Q. and
                  Talley, M. and Bayoumi, M. A.},
  title =	 {{MRI} data-compression using a {3-D} discrete
                  wavelet transform},
  journal =	 {IEEE Engineering in Medicine and Biology Magazine},
  year =	 2002,
  volume =	 21,
  number =	 4,
  pages =	 {95--103}
}

@Article{bao-zha:noise-reduction,
  author =	 {P Bao and L Zhang},
  title =	 {Noise reduction for magnetic resonance images via
                  adaptive multiscale products thresholding},
  journal =	 IEEETIP,
  year =	 2003,
  volume =	 22,
  number =	 9,
  pages =	 {1089--1099}
}

@Article{bar-etal:differentiating,
  author =	 {J Barnes and R I Scahill and R G Boyes and C Frost
                  and E B Lewis and C L Rossor and M N Rossor and N C
                  Fox},
  title =	 {Differentiating {AD} from aging using semiautomated
                  measurements of hippocampal atropy rates},
  journal =	 NI,
  year =	 2004,
  volume =	 23,
  pages =	 {574--581}
}

@Article{bar-fra:two-sample,
  author =	 {L Baringhaus and C Franz},
  title =	 {On a new multivariate two-sample test},
  journal =	 JMA,
  year =	 2004,
  volume =	 88,
  pages =	 {190--206}
}

@Article{bas-arm-mar:theoretical,
  author =	 {M E Basin and P A Artmitage and I Marshall},
  title =	 {A theoretical study of the effect of experimental
                  noise on the measurement of anisotropy in diffusion
                  imaging},
  journal =	 MRI,
  year =	 1998,
  volume =	 16,
  number =	 7,
  pages =	 {773--785}
}

@Article{bas-etal:in-vivo,
  author =	 {P J Basser and S Pajevic and C Pierpaoli and J Duda
                  and A Aldroubi},
  title =	 {In vivo fiber tractography using {DT-MRI} data},
  journal =	 MRM,
  year =	 2000,
  volume =	 44,
  number =	 4,
  pages =	 {625--632}
}

@Article{bas-jon:review,
  author =	 {P J Basser and D K Jones},
  title =	 {Diffusion-tensor {MRI}: theory, experimental design
                  and data analysis -- a technical review},
  journal =	 NMRB,
  year =	 2002,
  volume =	 15,
  number =	 {7-8},
  pages =	 {456--467}
}

@Article{bas-mat-leb:estimation,
  author =	 {P J Basser and J Mattiello and D LeBihan},
  title =	 {Estimation of the effective self-diffusion tensor
                  from the {NMR} spin echo},
  journal =	 JMR,
  year =	 1994,
  volume =	 103,
  pages =	 {247--254}
}

@Article{bas-paj:artifacts,
  author =	 {P J Basser and S Pajevic},
  title =	 {Statistical artifacts in diffusion tensor {MRI}
                  ({DT-MRI}) caused by background noise},
  journal =	 MRM,
  year =	 2000,
  volume =	 44,
  pages =	 {41--50}
}

@Article{bas-paj:normal,
  author =	 {P J Basser and S Pajevic},
  title =	 {A {Normal} distribution for tensor-valued random
                  variables: {Applications} to diffusion tensor {MRI}},
  journal =	 IEEETMI,
  year =	 2003,
  volume =	 22,
  number =	 7,
  pages =	 {785--794}
}

@Article{bas-paj:statistical,
  author =	 {P J Basser and S Pajevic},
  title =	 {Statistical artifacts in diffusion tensor {MRI}
                  {(DT-MRI)} caused by background noise},
  journal =	 MRM,
  year =	 2000,
  volume =	 44,
  pages =	 {41--50}
}

@Article{bas-pie:simplified,
  author =	 {P J Basser and C Pierpaoli},
  title =	 {A simplified method to measure the diffusion tensor
                  from seven {MR} images},
  journal =	 MRM,
  year =	 1998,
  volume =	 39,
  pages =	 {928--934}
}

@Article{bas:relationships,
  author =	 {Basser, P J},
  title =	 {Relationships between diffusion tensor and $q$-space
                  {MRI}},
  journal =	 MRM,
  year =	 2002,
  volume =	 47,
  pages =	 {392--397}
}

@Article{bat-etal:anisotropic,
  author =	 {P G Batchelor and D Atkinson and D L G Hill and F
                  Calamante and A Connelly},
  title =	 {Anisotropic noise propagation in diffusion tensor
                  {MRI} sampling schemes},
  journal =	 MRM,
  year =	 2003,
  volume =	 49,
  pages =	 {1143--1151}
}

@Article{bat-etal:rigorous,
  author =	 {P G Batchelor and M. Moakher and D Atkinson and F
                  Calamante and A Connelly},
  title =	 {A rigorous framework for diffusion tensor calculus},
  journal =	 MRM,
  year =	 2005,
  volume =	 53,
  pages =	 {221--225}
}

@Article{bau-etal:dynamical,
  author =	 {Baune, A and Sommer, F T and Erb, M and Wildgruber,
                  D and Kardatzki, B and Palm, G and Grodd, W},
  title =	 {Dynamical cluster analysis of cortical {fMRI}
                  activation},
  journal =	 NI,
  year =	 1999,
  volume =	 9,
  pages =	 {477--489}
}

@Article{bau-etal:simultaneous,
  author =	 {J. Baudewig and H. J. Bittermann and W. Paulus and
                  J. Frahm},
  title =	 {Simultaneous {EEG} and functional {MRI} of epileptic
                  activity: {A} case report},
  journal =	 CN,
  year =	 2001,
  volume =	 112,
  pages =	 {1196--1200}
}

@Article{bau-gal:cluster,
  author =	 {Christine Baudelet and Bernard Gallez},
  title =	 {Cluster analysis of {BOLD} {fMRI} time series in
                  tumors to study the heterogeneity of hemodynamic
                  response to treatment},
  journal =	 MRM,
  year =	 2003,
  volume =	 49,
  number =	 6,
  pages =	 {985--990}
}

@InProceedings{bea:euclidean,
  author =	 {E M L Beale},
  title =	 {Euclidean cluster analysis},
  booktitle =	 {Bulletin of the International Statistical Institute:
                  Proceedings of the 37th Session (London)},
  pages =	 {92--94},
  year =	 1969,
  volume =	 2,
  address =	 {Voorburg, Netherlands},
  publisher =	 {ISI}
}

@Article{bec-jen-smi:multilevel,
  author =	 {C F Beckmann and M Jenkinson and S M Smith},
  title =	 {General multilevel linear modeling for group
                  analysis of {fMRI}},
  journal =	 NI,
  year =	 2003,
  volume =	 20,
  number =	 2,
  pages =	 {1052--1063}
}

@Article{bec-smi:probabilistic,
  author =	 {C F Beckman and S M Smith},
  title =	 {Probabilistic independent components analysis for
                  functional magnetic resonance imaging},
  journal =	 IEEETMI,
  year =	 2004,
  volume =	 23,
  number =	 2,
  pages =	 {137--152}
}

@Article{beh-etal:characterization,
  author =	 {T E J Behrens and M W Woolrich and M Jenkinson and H
                  {Johansen-Berg} and R G Nunes and S Clare and P M
                  Matthews and J M Brady and S M Smith},
  title =	 {Characterization and propgation of uncertainty in
                  diffusion-weighted {MR} imaging},
  journal =	 MRM,
  year =	 2003,
  volume =	 50,
  pages =	 {1077--1088}
}

@Article{beh-etal:consistent,
  author =	 {T E J Behrens and M Jenkinson and M D Robson and S M
                  Smith and H. {Johansen-Berg}},
  title =	 {A consistent relationship between local white matter
                  architecture and functional specialisation in medial
                  frontal cortex},
  journal =	 NI,
  year =	 2006,
  volume =	 {??},
  pages =	 {???--???}
}

@Article{ben-hoc:controlling,
  author =	 {Y Benjamini and Y Hochberg},
  title =	 {Controlling the false discovery rate: {A} practical
                  and powerful approach to multiple testing},
  journal =	 JRSSB,
  year =	 1995,
  volume =	 57,
  pages =	 {289--300}
}

@Book{ber-git:planning,
  author =	 {Bergman, S W and Gittins, J C},
  title =	 {Statistical Methods for Pharmaceutical Research
                  Planning},
  publisher =	 {Marcel Dekker},
  year =	 1985,
  address =	 {New York}
}

@InProceedings{bij-etal:mathematical,
  author =	 {F. Bijma and J. C. {de Munck} and H. M. Huizenga and
                  R. M. Heethaar},
  title =	 {A mathematical model for the temporal covariance of
                  background noise in {MEG}/{EEG}-measurements},
  booktitle =	 {13th International Conference on Biomagnetism},
  year =	 2002
}

@Article{bis-etal:resting,
  author =	 {Biswal, B and Yetkin, F Z and Haughton, V M and
                  Hyde, J S},
  title =	 {Functional connectivity in the motor cortex of
                  resting human brain using echo-planar {MRI}},
  journal =	 MRM,
  year =	 1995,
  volume =	 34,
  pages =	 {537--541}
}

@TechReport{bla:bayesian,
  author =	 {P. G. Blackwell},
  title =	 {Bayesian inference for multivariate
                  {Ornstein-Uhlenbeck} processes in random
                  environments},
  institution =	 {Department of Probability and Statistics, University
                  of Sheffield},
  year =	 1996,
  number =	 {469/96}
}

@Article{blo-etal:determination,
  author =	 {A. S. Bloom and R. G. Hoffman and S. A. Fuller and
                  J. Pankiewicz and H. H. Harsch and E. A. Stein},
  title =	 {Determination of Drug-Induced Changes in Functional
                  {MRI} Signal Using a Pharmacokinetic Model},
  journal =	 HBM,
  year =	 1999,
  volume =	 8,
  pages =	 {235--244}
}

@Article{blu-mil:properties,
  author =	 {L. E. Blumenson and K. S. Miller},
  title =	 {Properties of generalized {Rayleigh} distributions},
  journal =	 AMS,
  year =	 1963,
  volume =	 34,
  pages =	 {903--910}
}

@Article{bor-bur-bec:functional,
  author =	 {D Borsook and R Burstein and L Becerra},
  title =	 {Functional imaging of the human trigeminal system:
                  {Opportunities} for new insights into pain
                  processing in health and disease},
  journal =	 {Journal of Neurobiology},
  year =	 2004,
  pages =	 {107--125}
}

@Article{bor-etal:specific,
  author =	 {D Borsook and A F M DaSilva and A Ploghaus and L
                  Becerra},
  title =	 {Specific and somatotopic functional magentic
                  resonance imaging activation in the trigeminal
                  ganglion by brush and noxious heat},
  journal =	 TJN,
  year =	 2003,
  volume =	 23,
  number =	 21,
  pages =	 {7897--7903}
}

@Article{bos-cha:comparison,
  author =	 {A Bose and S Chatterjee},
  title =	 {Comparison of bootstrap and jackknife variance
                  estimators in linear regression: {Second} order
                  results},
  journal =	 SSin,
  year =	 2002,
  volume =	 12,
  pages =	 {575--598}
}

@Article{bra-etal:generic,
  author =	 {M J Brammer and E T Bullmore and A Simmons and S C R
                  Williams and P M Grasby and R J Howard and P W R
                  Woodruff and S {Rabe-Hesketh}},
  title =	 {Generic brain activation mapping in functional
                  magnetic resonance imaging: {A} nonparametric
                  approach},
  journal =	 MRI,
  year =	 1997,
  volume =	 15,
  number =	 7,
  pages =	 {763--770}
}

@Article{bra-sch-spo:spatial,
  author =	 {H Braxmeier and V Schmidt and E Spodarev},
  title =	 {Spatial extrapolation of anisotropic road traffic
                  data},
  journal =	 IAS,
  year =	 2004,
  volume =	 23,
  pages =	 {185--198}
}

@Article{bra:multidimensional,
  author =	 {M J Brammer},
  title =	 {Multidimensional wavelet analysis of functional
                  magnetic resonance images},
  journal =	 HBM,
  year =	 1998,
  volume =	 6,
  pages =	 {378--382}
}

@Article{bre-bra-rob:construction,
  author =	 {M Breakspear and M Brammer and P A Robinson},
  title =	 {Construction of multivariate surrogate sets from
                  nonlinear data using the wavelet transform},
  journal =	 PD,
  year =	 2003,
  volume =	 182,
  number =	 {1-2},
  pages =	 {1--22}
}

@Article{bre-etal:wavestrapping1,
  author =	 {M Breakspear and M J Brammer and E T Bullmore and P
                  Das and L M Williams},
  title =	 {Spatiotemporal wavelet resampling for functional
                  neuroimaging data},
  journal =	 HBM,
  year =	 2004,
  volume =	 23,
  number =	 1,
  pages =	 {1--25}
}

@Article{bro-etal:Piper,
  author =	 {Brown, P. and Salenius, S. and Rothwell, J. C. and
                  Hari, R.},
  title =	 {The cortical correlate of the {Piper} rhythm in man},
  journal =	 JNphy,
  year =	 1998,
  volume =	 80,
  pages =	 {2911--2917}
}

@Article{bro-sem:abbr,
  author =	 {M A Brown and R C Semelka},
  title =	 {{MR} imaging abbreviations, definitions, and
                  descriptions: {A} review},
  journal =	 {Radiology},
  year =	 1999,
  volume =	 213,
  number =	 3,
  pages =	 {647--662}
}

@Article{bro:Piper,
  author =	 {Brown, P},
  title =	 {The {Piper} rhythm and related activities in man},
  journal =	 {Progress in Neurobiology},
  year =	 2000,
  volume =	 60,
  pages =	 {97--108}
}

@Article{bro:muscle,
  author =	 {Brown, P},
  title =	 {Muscle sounds in {Parkinson's} disease},
  journal =	 {Lancet},
  year =	 1997,
  volume =	 349,
  pages =	 {533--535}
}

@Article{bro:oscillatory,
  author =	 {Brown, P},
  title =	 {The oscillatory nature of human basal ganglia
                  activity: relationship to the pathophysiology of
                  {Parkinson's} disease},
  journal =	 {Movement Disorders},
  year =	 2003,
  volume =	 18,
  pages =	 {357--363}
}

@Article{buc:event-related,
  author =	 {R L Buckner},
  title =	 {Event-related {fMRI} and the hemodynamic response},
  journal =	 HBM,
  year =	 1998,
  volume =	 6,
  pages =	 {373--377}
}

@Article{buc:uncertainty,
  author =	 {D L Buckley},
  title =	 {Uncertainty in the analysis of traced kinetics using
                  dynamic contrast-enhanced $T_1$-weighted {MRI}},
  journal =	 MRM,
  year =	 2002,
  volume =	 47,
  pages =	 {601--606}
}

@Article{bul-etal:colored-noise,
  author =	 {E Bullmore and C Long and J Suckling and J Fadili
                  and G Calvert and F Zelaya and T A Carpenter and M
                  Brammer},
  title =	 {Colored noise and computational inference in
                  neurophysiological ({fMRI}) time series analysis:
                  {R}esampling methods in time and wavelet domains},
  journal =	 HBM,
  year =	 2001,
  volume =	 12,
  pages =	 {61--78}
}

@Unpublished{bul-etal:difficulty,
  author =	 {E Bullmore and J Suckling and F Zelaya and
                  C Long and G Honey and C Routledge and V Ng and
                  P Fletcher and J Brown and S C R Williams},
  title =	 {Difficulty and familiarity evoke different brain
                  activation dynamics},
  year =         {},
  note =	 {University of Cambridge, Department of Psychiatry}
}

@Article{bul-etal:global,
  author =	 {E T Bullmore and J Suckling and S Overmeyer and S
                  {Rabe-Hesketh} and E Taylor and M J Brammer},
  title =	 {Global, voxel, and cluster tests, by theory and
                  permutation, for a difference between two groups of
                  structural {MR} images of the brain},
  journal =	 IEEETMI,
  year =	 1999,
  volume =	 18,
  number =	 1,
  pages =	 {32--42}
}

@TechReport{bul-etal:neruocoginitive,
  author =	 {E Bullmore and J Suckling and F Zelaya and
                  C Long and C Andrew and E Ouldred and S Jackson
                  and L Reed and V Ng and S Williams},
  title =	 {Neurocoginitive effects of generic psychoactive
                  compounds measured in healthy elderly human subjects
                  using functional magnetic resonance imaging
                  ({fMRI})},
  institution =	 {Institute of Psychiatry, King's College London},
  year =	 2001,
  number =	 {SB-271046/004}
}

@Article{bul-etal:statistical,
  author =	 {E T Bullmore and M J Brammer and S C R Williams and
                  S {Rabe-Hesketh} and N Janot and A S David and J D C
                  Mellers and R Howard and P Sham},
  title =	 {Statistical methods of estimation and inference for
                  functional {MR} image analysis},
  journal =	 MRM,
  year =	 1996,
  volume =	 35,
  pages =	 {261--277}
}

@Article{bul-etal:wavelets1,
  author =	 {E Bullmore and J Fadili and M Breakspear and R
                  Salvador and J Suckling and M Brammer},
  title =	 {Wavelets and statistical analysis of functional
                  magnetic resonance images of the human brain},
  journal =	 SMMR,
  year =	 2003,
  volume =	 12,
  number =	 5,
  pages =	 {375--399}
}

@Article{bul-etal:wavelets2,
  author =	 {E Bullmore and J Fadili and V Maxim and L \c{S}endur
                  and B Whitcher and J Suckling and M Brammer and M
                  Breakspear},
  title =	 {Wavelets and functional magnetic resonance imaging
                  of the human brain},
  journal =      NI,
  year =         2004,
  volume =       23,
  number =       {Supplement~1},
  pages =        { S234--S249}
}

@Article{bux-won-fra:balloon,
  author =	 {R B Buxton and E C Wong and L R Frank},
  title =	 {Dynamics of blood flow and oxygenation changes
                  during brain activation: {The} {Balloon} model},
  journal =	 MRM,
  year =	 1998,
  volume =	 39,
  pages =	 {855--864}
}

@Article{cal-har:dendrite,
  author =	 {R B Calinski and J Harabasz},
  title =	 {A dendrite method for cluster analysis},
  journal =	 CinS,
  year =	 1974,
  volume =	 3,
  pages =	 {1--27}
}

@Article{cal-mor-han:defining,
  author =	 {F Calamante and M M{\o}rup and K Hansen},
  title =	 {Defining a local arterial input function for
                  perfusion {MRI} using Independent Component
                  Analysis},
  journal =	 MRM,
  year =	 2004,
  volume =	 52,
  pages =	 {789--797}
}

@Article{car-etal:multispectral,
  author =	 {Carano, R A and Li, F and Irie, K and Helmer, K G
                  and Silva, M D and Fisher, M and Sotak, C H},
  title =	 {Multispectral analysis of the temporal evolution of
                  cerebral ischemia in the rat brain},
  journal =	 JMRI,
  year =	 2000,
  volume =	 12,
  pages =	 {842--858}
}

@Article{car-hwa-fro:wavelet,
  author =	 {R A Carmona and W L Hwang and R D Frostig},
  title =	 {Wavelet analysis for brain-function imaging},
  journal =	 IEEETMI,
  year =	 1995,
  volume =	 14,
  number =	 3,
  pages =	 {556--564}
}

@Article{cas-bro:hidden,
  author =	 {M J Cassidy and P Brown},
  title =	 {Hidden {Markov} based autoregressive analysis of
                  stationary and non-stationary eletrophysiological
                  signals for functional coupling studies},
  journal =	 JNM,
  year =	 2002,
  volume =	 116,
  pages =	 {35--53}
}

@Article{cas-bro:spectral,
  author =	 {M Cassidy and P Brown},
  title =	 {Spectral phase estimates in the setting of
                  multidirectional coupling},
  journal =	 JNM,
  year =	 2003,
  volume =	 127,
  pages =	 {95--103}
}

@Article{cas-etal:movement,
  author =	 {M Cassidy and P Mazzone and A Oliviero and A Insola
                  and P Tonali and V {Di Lazzaro} and P Brown},
  title =	 {Movement-related changes in synchronization in the
                  human basal ganglia},
  journal =	 {Brain},
  year =	 2002,
  volume =	 125,
  pages =	 {1235--1246}
}

@Article{cas-pen:Bayesian,
  author =	 {Cassidy, M and Penny, W D},
  title =	 {Baysian nonstationary autoregressive models for
                  biomedical signal analysis},
  journal =	 IEEETBE,
  year =	 2002,
  volume =	 49,
  number =	 10,
  pages =	 {1142--1152}
}

@Article{cha-etal:change,
  author =	 {D Chan and J C Janssen and J L Whitwell and H C Watt
                  and R Jenkins and C Frost and M N Rossor and N C
                  Fox},
  title =	 {Change in rates of cerebral atropy over tiem in
                  early-onset {Alzheimer's} disease: longitudinal
                  {MRI} study},
  journal =	 {The Lancet},
  year =	 2003,
  volume =	 362,
  pages =	 {1121--1122}
}

@Article{cha-etal:processing,
  author =	 {J Chang and H {Van Remmen} and W F Ward and F E
                  Regnier and A Richardson and J Cornell},
  title =	 {Processing of data generated by 2-dimensional gel
                  electrophoresis for statistical analysis: {Missing}
                  data, normalization and statistics},
  journal =	 {Journal of Proteome Research},
  year =	 2004,
  volume =	 {??},
  pages =	 {???--???}
}

@Article{cha-jon-pie:restore,
  author =	 {L-C Chang and D K Jones and C Pierpaoli},
  title =	 {{RESTORE}: {Robust} estimation of tensors by outlier
                  rejection},
  journal =	 MRM,
  year =	 2005,
  volume =	 53,
  number =	 4,
  pages =	 {1088--1095}
}

@Article{che-bou-low:clustered,
  author =	 {S Chen and C A Bouman and M J Lowe},
  title =	 {Clustered components analysis for functional {MRI}},
  journal =	 IEEETMI,
  year =	 2004,
  volume =	 23,
  number =	 1,
  pages =	 {85--98}
}

@Article{che-etal:automated,
  author =	 {K Chen and E M Reiman and G E Alexander and D Bundy
                  and R Renaut and W R Crum and N C Fox and M N
                  Rossor},
  title =	 {An automated algorithm for the computation of brain
                  volume change from sequential {MRIs} using an
                  iterative principal component analysis and its
                  evaluation for the assessment of whole-brain atrophy
                  rates in patients with probable {Alzheimer's}
                  disease},
  journal =	 NI,
  year =	 2004,
  volume =	 22,
  pages =	 {134--143}
}

@Article{che-etal:detection,
  author =	 {Y I Chen and A-L Brownell and W Galpern and O
                  Isacson and M Bogdanov and M F Beal and E Livni and
                  B R Rosen and B G Jenkins},
  title =	 {Detection of dopaminergic cell loss and neural
                  transplantation using pharmacological {MRI}, {PET}
                  and behavioral assessment},
  journal =	 NR,
  year =	 1999,
  volume =	 10,
  number =	 14,
  pages =	 {2881--2886}
}

@Article{che-etal:improved,
  author =	 {Y-C I Chen and J B Mandeville and T V Nguyen and A
                  Talele and F Cavagna and B G Jenkins},
  title =	 {Improved mapping of pharmacologically induced
                  neuronal activation using the {IRON} technique with
                  superparamagnetic blood pool agents},
  journal =	 JMRI,
  year =	 2001,
  volume =	 14,
  pages =	 {517--524}
}

@Article{che-hsu:noise,
  author =	 {B Chen and E W Hsu},
  title =	 {Noise removal in magnetic resonance diffusion tensor
                  imaging},
  journal =	 MRM,
  year =	 2005,
  volume =	 54,
  pages =	 {393--407}
}

@InProceedings{che-etal:ZD6474,
  author =	 {D Checkley and J Tessier and S Wedge and M Dukes and
                  J Kendrew and J C Waterton},
  title =	 {{ZD6474}, a {VEGF} signalling inhibitor: effects on
                  {DCEMRI} in human tumour xenografts an dapproaches
                  to the analysis of Ktrans maps},
  booktitle =	 {Proceedings of the 9th Annual Meeting of ISMRM},
  pages =	 478,
  year =	 2001,
  address =	 {??}
}

@Article{cho-dwy-kno:functional,
  author =	 {P L Choyke and A J Dwyer and M V Knopp},
  title =	 {Functional tumor imaging with dynamic
                  contrast-enhanced magnetic resonance imaging},
  journal =	 JMRI,
  year =	 2003,
  volume =	 17,
  pages =	 {509--520}
}

@TechReport{chu-etal:probabilistic,
  author =	 {M K Chung and M Lazar and A L Alexander and Y Lu and
                  R Davidson},
  title =	 {Probabilistic connectivity measure in diffusion
                  tensor imaging via anisotropic kernel smoothing},
  institution =	 {Department of Statistics, University of
                  Wisconsin-Madison},
  year =	 2003,
  number =	 1081
}

@Article{ciu-etal:unsupervised,
  author =	 {P Ciuciu and J.-B. Poline and G Marrelec and J Idier
                  and C Pallier and H Benali},
  title =	 {Unsupervised robust nonparametric estimaton of the
                  hemodynamic response function for any {fMRI}
                  experiment},
  journal =	 IEEETMI,
  year =	 2003,
  volume =	 22,
  number =	 11,
  pages =	 {1235--1251}
}

@Article{col-pad:ieee,
  author =	 {D J Collins and A R Padhani},
  title =	 {Dynamic Magnetic Resonance Imaging of Tumor
                  Perfusion},
  journal =	 IEEEEMBM,
  year =	 2004,
  pages =	 {65--83},
  month =	 {September/October}
}

@Article{cor-etal:frequencies,
  author =	 {D Cordes and V M Haughton and K Arfanakis and J D
                  Carew and P A Turski and C H Moritz and M A Quigley
                  and M E Meyerand},
  title =	 {Frequencies contributing to functional connectivity
                  in the ceregral cortex in "resting-state" data},
  journal =	 AJNR,
  year =	 2001,
  volume =	 22,
  pages =	 {1326--1333}
}

@Article{cor-etal:mapping,
  author =	 {D Cordes and V M Haughton and K Arfanakis and G J
                  Wendt and P A Turski and C H Moritz and M A Quigley
                  and M E Meyerand},
  title =	 {Mapping functinoally related regions of brain with
                  functional connectivity {MR} imaging},
  journal =	 {American Journal of Neuroradiology},
  year =	 2000,
  volume =	 21,
  pages =	 {1636--1644}
}

@TechReport{cre-has-joh:image,
  author =	 {N. Crellin and T. Hastie and I. Johnstone},
  title =	 {Statistical models for image sequences},
  institution =	 {Department of Statistics, Stanford University},
  year =	 1998
}

@Article{cun-jon:spectral,
  author =	 {V J Cunningham and T Jones},
  title =	 {Spectral Analysis of Dynamic {PET} Studies},
  journal =	 JCBFM,
  year =	 1993,
  volume =	 13,
  pages =	 {15--23}
}

@Article{cza-mun:noncanonical,
  author =	 {C Czado and A Munk},
  title =	 {Noncanonical links in generalized linear models --
                  when is the effort justified?},
  journal =	 JSPI,
  year =	 2000,
  volume =	 87,
  number =	 2,
  pages =	 {317--345}
}

@Article{dal-etal:determining,
  author =	 {B M Dale and J A Jesberger and J S Lewin and C M
                  Hillenbrand and J L Duerk},
  title =	 {Determining and optimizing the precision of
                  quantitative measurements of perfusion from dynamic
                  contrast enhanced {MRI}},
  journal =	 JMRI,
  year =	 2003,
  volume =	 18,
  pages =	 {575--584}
}

@Book{dal:R,
  author =	 {P Dalgaard},
  title =	 {Introductory Statistics with R},
  publisher =	 {Springer-Verlag},
  year =	 2002,
  address =	 {New York}
}

@Article{dan-etal:automated,
  author =	 {A Danckaert and E Gonzalez-Couto and L Bollondi and
                  N Thompson and B Hayes},
  title =	 {Automated recognition of intracellular organelles in
                  confocal microscope images},
  journal =	 {Traffic},
  year =	 2002,
  volume =	 3,
  pages =	 {66--73}
}

@Article{dar-etal:detecting,
  author =	 {P. F. Darken and G. I. Holtzman and E. P. Smith and
                  C. E. Zipper},
  title =	 {Detecting changes in trends in water quality using
                  modified {K}endall's tau},
  journal =	 {Environmetrics},
  year =	 2000,
  volume =	 11,
  pages =	 {423--434}
}

@Article{das-etal:somatotopic,
  author =	 {A F M DaSilva and L Becerra and N Makris an dA M
                  Strassman and R G Gonzalez and N Geatrakis and D
                  Borsook},
  title =	 {Somatotopic activation in the human trigeminal pain
                  pathway},
  journal =	 TJN,
  year =	 2002,
  volume =	 22,
  number =	 18,
  pages =	 {8183--8192}
}

@Unpublished{dav-fla:tamed,
  author =	 {R Davidson and E Flachaire},
  title =	 {The wild bootstrap, tamed at last},
  note =	 {Working Paper IER\#1000, Queen's University},
  year =	 2001
}

@Article{dav:why,
  author =	 {C Davatzikos},
  title =	 {Why voxel-based morphometric anlaysis should be used
                  with great caution when characterizing group
                  differences},
  journal =	 NI,
  year =	 2004,
  volume =	 23,
  pages =	 {17--20}
}

@Article{deg-dew-lue:exploring,
  author =	 {M C M {de Gunst} and A Dewanji and E G Leubeck},
  title =	 {Exploring heterogeneity in tumour data using
                  {Markov} chain {Monte} {Carlo}},
  journal =	 SM,
  year =	 2003,
  volume =	 22,
  pages =	 {1691--1707}
}

@Article{deh-etal:analysis,
  author =	 {J Dehmeshki and A C Ruto and S Arridge and N C
                  Silver and D H Miller and P S Tofts},
  title =	 {Analysis of {MTR} histograms in multiple sclerosis
                  using principal components and mulitple discriminant
                  analysis},
  journal =	 MRM,
  year =	 2001,
  volume =	 46,
  pages =	 {600--609}
}

@Article{del-etal:resting,
  author =	 {M {De Luca} and C F Beckmann and N {De Stefano} and
                  P M Matthews and S M Smith},
  title =	 {{fMRI} resting state networks define distinct modes
                  of long-distance interactions in the human brain},
  journal =	 NI,
  year =	 2006,
  volume =	 {??},
  pages =	 {???--???}
}

@InProceedings{dem-etal:correlations,
  author =	 {J C {de Munck} and F Bijma and H M Huizenga and L G
                  Waldrop and R M Heethaar},
  title =	 {Spatial and temporal correlations in {MEG}/{EEG}
                  background noise},
  booktitle =	 {13th International Conference on Biomagnetism},
  year =	 2002
}

@Article{dep-etal:Bayesian,
  author =	 {F {de Pasquale} and P Barone and G Sebastiani and J
                  Stander},
  title =	 {Bayesian analysis of dynamic magnetic resonance
                  breast images},
  journal =	 AS,
  year =	 2004,
  volume =	 53,
  number =	 3,
  pages =	 {475--494}
}

@Article{des-etal:multiresolution,
  author =	 {M Desco and J A Hernandez and A Santos and M
                  Brammer},
  title =	 {Multiresolution analysis in {fMRI}: {S}ensitivity
                  and specificity in the detection of brain
                  activation},
  journal =	 HBM,
  year =	 2001,
  volume =	 14,
  pages =	 {16--27}
}

@Article{des-glo:sample-size,
  author =	 {J. E. Desmond and G. H. Glover},
  title =	 {Estimating sample size in functional {MRI} ({fMRI})
                  neuroimaging studies: {Statistical} power analyses},
  journal =	 JNM,
  year =	 2002,
  volume =	 118,
  pages =	 {115--128}
}

@Article{des-kru-von:spatio-temporal,
  author =	 {X. Descombes and F. Kruggel and D. Y. {von Cramen}},
  title =	 {Spatio-temporal {fMRI} analysis using {M}arkov
                  random fields},
  journal =	 IEEETMI,
  year =	 1998,
  volume =	 17,
  number =	 6,
  pages =	 {1028--1039}
}

@Article{dex-lei:tumor,
  author =	 {D L Dexter and J T Leith},
  title =	 {Tumor heterogeneity and drug resistance},
  journal =	 JCO,
  year =	 1986,
  volume =	 4,
  number =	 2,
  pages =	 {244--257}
}

@Article{die-rud-neu:baseline,
  author =	 {W Dietrich and C H R\"udel and M Neumann},
  title =	 {Fast and precise automatic baseline correction of
                  one- and two-dimensional {NMR} spectra},
  journal =	 JMR,
  year =	 1991,
  volume =	 91,
  pages =	 {1--11}
}

@Article{din-etal:quantitative,
  author =	 {I D Dinov and M S Mega and P M Thompson and R P
                  Woods and D W L Sumners and E L Sowell and A W Toga},
  title =	 {Quantitative comparison and analysis of brain image
                  registration using frequency-adaptive wavelet
                  shrinkage},
  journal =	 IEEETITB,
  year =	 2002,
  volume =	 6,
  number =	 1,
  pages =	 {73--85}
}

@Article{din-etal:short-window,
  author =	 {M Ding and S L Bressler and W Yang and H Liang},
  title =	 {Short-window spectral analsis of cortical
                  event-related potentials by adaptive multivariate
                  autoregressive modeling: data preprocesing, model
                  validation, and variability assessment},
  journal =	 BC,
  year =	 2000,
  volume =	 83,
  pages =	 {35--45}
}

@Article{din-gor-and:reduction,
  author =	 {Z Ding and J C Gore and A W Anderson},
  title =	 {Reduction of noise in diffusion tensor images using
                  anisotropic smoothing},
  journal =	 MRM,
  year =	 2005,
  volume =	 53,
  pages =	 {485--490}
}

@InProceedings{dol-etal:detection,
  author =	 {K Dolan and J Dammers and T Fieseler and P A Tass},
  title =	 {Detection of phase synchronization in the brain,
                  using coherence preserving surrogates},
  booktitle =	 {13th International Conference on Biomagnetism},
  year =	 2002
}

@InCollection{dun:screening,
  author = 	 {Dunnett, C W},
  title = 	 {The statistical theory of drug screening},
  booktitle = 	 {Quantitative Methods in Pharmacology},
  pages =	 {212--231},
  publisher =	 {North-Holland},
  year =	 1961,
  address =	 {Amsterdam}
}

@Article{duz-etal:multivariate,
  author =	 {E D\"uzel and R Habib and B Schott and A Schoenfeld
                  and N Lobaugh and A R McIntosh and M Scholz and H J
                  Heinze},
  title =	 {A multivariate, spatiotemporal analysis of
                  electromagnetic time-frequency data of recognition
                  memory},
  journal =	 NI,
  year =	 2003,
  volume =	 18,
  pages =	 {185--197}
}

@Article{edd-fit-nol:improved,
  author =	 {W Eddy and M Fitzgerald and D Noll},
  title =	 {Improved image registration by using {F}ourier
                  interpolation},
  journal =	 MRM,
  year =	 1996,
  volume =	 36,
  number =	 6,
  pages =	 {923-931}
}

@Book{efr-tib:book,
  author =	 {B Efron and R Tibshirani},
  title =	 {An Introduction to the Bootstrap},
  publisher =	 {Chapman \& Hall},
  year =	 1993,
  address =	 {New York}
}

@Article{eil-mar:p-splines,
  author =	 {P. H. C. Eilers and B. Marx},
  title =	 {Flexible smoothing with {$B$}-splines and penalties},
  journal =	 SS,
  year =	 1996,
  volume =	 11,
  number =	 2,
  pages =	 {89--121}
}

@Article{ell-etal:mood-congruent,
  author =	 {R. Elliott and J. S. Rubinsztein and B. J. Sahakian
                  an R. J. Dolan},
  title =	 {The neural basis of mood-congruent processing biases
                  in depression},
  journal =	 AGP,
  year =	 2002,
  volume =	 59,
  pages =	 {597--604}
}

@Article{eng-fri-sin:dynamic,
  author =	 {Engel, A K and Fries, P and Singer, W},
  title =	 {Dynamic Predictions: oscillations and synchrony in
                  top-down processing},
  journal =	 {Nature Reviews Neuroscience},
  year =	 2001,
  volume =	 2,
  pages =	 {704--716}
}

@Article{eng-sin:temporal,
  author =	 {Engel, A K and Singer, W},
  title =	 {Temporal binding and the neural correlates of
                  sensory awareness},
  journal =	 {Trends in Cognitive Science},
  year =	 2001,
  volume =	 5,
  pages =	 {16--25}
}

@Article{enn-etal:visualization,
  author =	 {D B Ennis and G Kindlman and I Rodriguez and P A
                  Helm and E R McVeigh},
  title =	 {Visualization of tensor fields using superquadratic
                  glyphs},
  journal =	 MRM,
  year =	 2005,
  volume =	 53,
  number =	 {169--176}
}

@Article{erd-etal:measuring,
  author =	 {D Erdogmus and E G Larsson and R Yan and J C
                  Principe and J R Fitzsimmons},
  title =	 {Measuring the signal-to-noise ration in magnetic
                  resonance imaging: a caveat},
  journal =	 SP,
  year =	 2004,
  volume =	 84,
  pages =	 {1035--1040}
}

@Article{esp-etal:group-studies,
  author =	 {F Esposito and T Scarabino and A Hyvarinen and J
                  Himberg and E Formisano and S Comani and G Tedeschi
                  and R Goebel and E Seifritz and F {Di Salle}},
  title =	 {Independent component anlaysis of {fMRI} group
                  studies by self-organizing clustering},
  journal =	 NI,
  year =	 2005,
  volume =	 {??},
  pages =	 {???--???}
}

@Article{etg-etal:bilateral,
  author =	 {T Etgen and B Draganski and C Ilg and M Schr{\"o}der
                  and P Geisler and G Hajak and I Eisensehr and D
                  Sander and A May},
  title =	 {Bilateral thalamic gray matter changes in patients
                  with restless legs syndrom},
  journal =	 NI,
  year =	 2005,
  volume =	 24,
  pages =	 {1242--1247}
}

@Article{eve-bul:mixture,
  author =	 {B S Everitt and E T Bullmore},
  title =	 {Mixture model mapping of brain activation in
                  functional magnetic resonance images},
  journal =	 HBM,
  year =	 1999,
  volume =	 7,
  number =	 1,
  pages =	 {1--14}
}

@Book{eve-lan-lee:book,
  author =	 {B. S. Everitt and S. Landau and M. Leese},
  title =	 {Cluster Analysis},
  publisher =	 {Arnold},
  year =	 2001,
  address =	 {London},
  edition =	 {4th}
}

@Article{eve:key,
  author =	 {J L Evelhoch},
  title =	 {Key factors in the acquisition of contrast kinetic
                  data for oncology},
  journal =	 JMRI,
  year =	 1999,
  volume =	 10,
  pages =	 {254--259}
}

@Article{fad-bou:analytical,
  author =	 {J M Fadili and L Boubchir},
  title =	 {Analytical form for a {Bayesian} wavelet estimator
                  of images using the {Bessel} {K} form densities},
  journal =	 IEEETIP,
  year =	 2005,
  volume =	 14,
  number =	 2,
  pages =	 {231--240}
}

@InProceedings{fad-bul-bre:characterising,
  author =	 {J M Fadili and E T Bullmore and M Brett},
  title =	 {Wavelet methods for characterising mono- and
                  poly-fractal noise structures in shortish time
                  series: {A}n application to functional {MRI}},
  booktitle =	 {Proceedings of the ???},
  pages =	 {225--228},
  year =	 2001
}

@Article{fad-bul:penalized,
  author =	 {J M Fadili and E Bullmore},
  title =	 {Penalized partially linear models using sparse
                  representations with an application to {fMRI} time
                  series},
  journal =	 IEEETSP,
  year =	 2005,
  volume =	 53,
  number =	 9,
  pages =	 {3436--3448}
}

@Article{fad-bul:wavelet-GLS,
  author =	 {J M Fadili and E T Bullmore},
  title =	 {Wavelet-Generalized Least Squares: {A} New {BLU}
                  Estimator of Linear Regression Models with $1/f$
                  Errors},
  journal =	 NI,
  year =	 2002,
  volume =	 15,
  pages =	 {217--232}
}

@Article{fah-gos:semiparametric,
  author =	 {L Fahrmeir and C G\"ossl},
  title =	 {Semiparametric {Bayesian} models for human brain
                  mapping},
  journal =	 {Statistical Modelling},
  year =	 2002,
  volume =	 2,
  pages =	 {235--249}
}

@Article{fed:procedures,
  author =	 {Federer, W T},
  title =	 {Procedures and designs useful for screening material
                  in selection and allocation with a bibliography},
  journal =	 {Biometrics},
  year =	 1963,
  volume =	 19,
  pages =	 {553--587}
}

@Unpublished{fei-blu-uns:optimizing,
  author =	 {M. Feilner and T. Blu and M. Unser},
  title =	 {Optimizing wavelets for the analysis of {fMRI} data},
  note =	 {Biomedical Imaging Group, Swiss Federal Institute of
                  Technology},
  year =         2002
}

@PhdThesis{fei:thesis,
  author =	 {M. P. Feilner},
  title =	 {Statistical Wavelet Analysis of Functional Images of
                  the Brain},
  school =	 {Ecole de Polytechnique, F\'ed\'erale de Lausanne},
  year =	 2002
}

@Article{fes-etal:toeplitz,
  author =	 {J A Fessler and S Lee and V T Olafsson and H R Shi
                  and D C Noll},
  title =	 {Toeplitz-based iterative image reconstruction for
                  {MRI} with correction for magnetic field
                  inhomogeneity},
  journal =	 IEEETSP,
  year =	 2005,
  volume =	 53,
  number =	 9,
  pages =	 {3393--3402}
}

@Article{fie-etal:color,
  author =	 {A S Field and A L Alexander and Y-C Wu and K M Hasan
                  and B Witwer and B Badie},
  title =	 {Diffusion tensor eigenvector directional color
                  imaging patterns in the evaluation of cerebral white
                  matter tracts altered by tumor},
  journal =	 JMRI,
  year =	 2004,
  volume =	 20,
  pages =	 {555--562}
}

@Article{fil-bau-mos:hierarchical,
  author =	 {Filzmoser, P and Baumgartner, R and Moser, E},
  title =	 {A hierarchical clustering method for analyzing
                  functional {MR} images},
  journal =	 MRI,
  year =	 1999,
  volume =	 17,
  pages =	 {817--826}
}

@Article{fla:bootstrapping,
  author =	 {E Flachaire},
  title =	 {Bootstrapping heteroskedastic regression models:
                  wild bootstrap vs. pairs bootstrap},
  journal =	 CSDA,
  year =	 2005,
  volume =	 49,
  number =	 2,
  pages =	 {361--376}
}

@Article{fla:choosing,
  author =	 {M. Flanders},
  title =	 {Choosing a wavelet for single-trial {EMG}},
  journal =	 JNM,
  year =	 2002,
  volume =	 116,
  pages =	 {165--177}
}

@Article{fox-etal:using,
  author =	 {N C Fox and S Cousens and R Scahill and R J Harvey
                  and M N Rossor},
  title =	 {Using serial registered brain magnetic resonance
                  imaging to measure disease progression in
                  {Alzheimer} disease: power calculations and
                  estimates of sample size to detect treatment
                  effects},
  journal =	 {Archives of Neurology},
  year =	 2000,
  volume =	 57,
  number =	 3,
  pages =	 {339--344}
}

@Article{fra:anisotropy,
  author =	 {L R Frank},
  title =	 {Anisotropy in high angular resolution
                  diffusion-weighted {MRI}},
  journal =	 MRM,
  year =	 2001,
  volume =	 45,
  pages =	 {935--939}
}

@Article{fre-roc-man:similarity,
  author =	 {L Freire and A Roche and J-F Mangin},
  title =	 {What is the best similarity measure for motion
                  correction in {fMRI} time series?},
  journal =	 IEEETMI,
  year =	 2002,
  volume =	 21,
  number =	 5,
  pages =	 {470--484}
}

@Article{fri-etal:event-related,
  author =	 {K. J. Friston and P. Fletcher and O. Josephs and
                  A. Holmes and M. D. Rugg and R. Turner},
  title =	 {Event-related {fMRI}: {C}haraterizing differential
                  responses},
  journal =	 NI,
  year =	 1998,
  volume =	 7,
  number =	 1,
  pages =	 {30--40}
}

@Article{fri-etal:exploratory,
  author =	 {O. Friman and M. Borga and P. Lundberg and
                  H. Knutsson},
  title =	 {Exploratory {fMRI} analysis by autocorrelation
                  maximization},
  journal =	 NI,
  year =	 2002,
  volume =	 16,
  pages =	 {454--464}
}

@Article{fri-etal:functional-connectivity,
  author =	 {K J Friston and C Frith and P Liddle and R
                  Frickowiak},
  title =	 {Functional connectivity: the principal components
                  analysis of large {(PET)} data sets},
  journal =	 JCBFM,
  year =	 1993,
  volume =	 13,
  pages =	 {5--14}
}

@Article{fri-etal:nonlinear,
  author =	 {K J Friston and A Mechelli and R Turner and C J
                  Price},
  title =	 {Nonlinear responses in {fMRI}: {The} {Balloon}
                  model, {Volterra} kernels, and other hemodynamics},
  journal =	 NI,
  year =	 2000,
  volume =	 12,
  number =	 4,
  pages =	 {466--477}
}

@Article{fri-etal:nonlinear-MRM,
  author =	 {K. J. Friston and O. Josephs and G. Rees and
                  R. Turner},
  title =	 {Nonlinear event-related responses in {fMRI}},
  journal =	 MRM,
  year =	 1998,
  volume =	 39,
  pages =	 {41--52}
}

@Article{fri-etal:revisited,
  author =	 {K. J. Friston and A. P. Holmes and J.-B. Poline and
                  P. M. Grasby and S. C. R. Williams and
                  R. S. J. Frackowiak and R. Turner},
  title =	 {Analysis of {fMRI} time series revisited},
  journal =	 NI,
  year =	 1995,
  volume =	 2,
  pages =	 {45--53}
}

@Article{fri-etal:spms,
  author =	 {Friston, K J and Holmes, A P and Worsley, K J and
                  Poline, J P and Frith, C D and Frackowiak, R S J},
  title =	 {Statistical Parametric Maps in Functional Imaging: A
                  General Linear Approach},
  journal =	 HBM,
  year =	 1995,
  volume =	 2,
  pages =	 {189-210}
}

@Article{fri-pen-gla:conjunction2,
  author =	 {K J Friston and W D Penny and D E Glaser},
  title =	 {Conjunction revisited},
  journal =	 NI,
  year =	 2005,
  volume =	 25,
  pages =	 {661--667}
}

@Article{fri:bayesian,
  author =	 {K J Friston},
  title =	 {Bayesian estimation of dyanmical systems: {An}
                  application to {fMRI}},
  journal =	 NI,
  year =	 2002,
  volume =	 16,
  pages =	 {513--530}
}

@Article{fri:imaging,
  author =	 {K J Friston},
  title =	 {Imaging cognitive anatomy},
  journal =	 {Trends in Cognitive Sciences},
  year =	 1997,
  volume =	 1,
  number =	 1,
  pages =	 {21--27}
}

@InProceedings{fri:variance,
  author =	 {H Friedl},
  title =	 {Variance estimation in generalized linear models
                  using the bootstrap},
  booktitle =	 {Proceedings of the 2nd Gauss Symposium, Conference
                  B: Statistical Sciences},
  pages =	 {217--226},
  year =	 1995,
  editor =	 {V. Mammitzsch and H. Schneewei{\ss}},
  address =	 {Berlin},
  publisher =	 {DeGruyter}
}

@Article{fro-etal:value,
  author =	 {T Frodl and H Hampel and G Junkel and K B\"urger and
                  F Padberg and R R Engel and H-J M\"oller and U
                  Hegerl},
  title =	 {Value of event-related {P300} subcomponents in the
                  clinical diagnosis of mild cognitive impairment and
                  {Alzheimer's Disease}},
  journal =	 {Psychophysiology},
  year =	 2002,
  volume =	 39,
  pages =	 {175--181}
}

@Article{fur-deg:parametric,
  author =	 {E Furman-Haran and H Degani},
  title =	 {Parametric analysis of breast {MRI}},
  journal =	 JCAT,
  year =	 2002,
  volume =	 26,
  number =	 3,
  pages =	 {376--386}
}

@TechReport{fur-etal:attenuated,
  author =	 {T Furmark and L Appel and {\AA} Michelg{\aa}rd and K
                  Wahlstedt and F {\AA}hs and S Zancan and E Jacobsson
                  and K Flyckt and M Grohp and M Bergstr\"om and E
                  {Merlo Pich} and L-G Nilsson and M Bani and B
                  L{\aa}ngstr\"om and M Fredrickson},
  title =	 {Attenuated regional ceregral blood flow in patients
                  with social phobia after treatment with the
                  neurokinin-1 antagonist {GR205171}, or {Citalopram}},
  institution =	 {Department of Psychology, Uppsala University},
  year =	 2003
}

@Article{gab-tre:surface-based,
  author =	 {M. Gabriani and O. J. Tretiak},
  title =	 {Surface-based matching using elastic
                  transformations},
  journal =	 PR,
  year =	 1999,
  volume =	 32,
  pages =	 {87--97}
}

@Article{gal-etal:reproducibility,
  author =	 {S M Galbraith and M A Lodge and N J Taylor and G J S
                  Rustin and S Bentzen and J J Stirling and A R
                  Padhani},
  title =	 {Reproducibility of dynamic contrast-enhanced {MRI}
                  in human muscle and tumours: comparison of
                  quantitative and semi-quantitative analysis},
  journal =	 NMRB,
  year =	 2002,
  volume =	 15,
  number =	 {132--142}
}

@Article{gal-etal:solution,
  author =	 {A Galka and O Yamashita and T Ozaki and R Biscay and
                  P {Vald\'es-Sosa}},
  title =	 {A solution to the dynamical inverse problem of {EEG}
                  generation using spatiotemporal {Kalman} filtering},
  journal =	 NI,
  year =	 2004,
  volume =	 {??},
  number =	 {?},
  pages =	 {???--???}
}

@Article{gao-yee:clustering,
  author =	 {Jia-Hong Gao and Seong-Hwan Yee},
  title =	 {Iterative temporal clustering analysis for the
                  detection of multiple response peaks in {fMRI}},
  journal =	 MRI,
  year =	 2003,
  volume =	 21,
  number =	 1,
  pages =	 {51--53}
}

@Book{gar:handbook,
  author =	 {C W Gardiner},
  title =	 {Handbook of Stochastic Methods for Physics,
                  Chemistry and the Natural Sciences},
  publisher =	 {Springer-Verlag},
  year =	 1985,
  address =	 {Berlin},
  edition =	 {2nd}
}

@Article{gen-laz-nic:thresholding,
  author =	 {C R Genovese and N A Lazar and T Nichols},
  title =	 {Thresholding of Statistical Maps in Functional
                  Neuroimaging Using the False Discovery Rate},
  journal =	 NI,
  year =	 2002,
  volume =	 15,
  pages =	 {870--878}
}

@Article{gen-nol-edd:test-retest,
  author =	 {C R Genovese and D C Noll and W F Eddy},
  title =	 {Estimating test-retest reliability in {fMRI}},
  journal =	 MRM,
  year =	 1997,
  volume =	 38,
  pages =	 {497--507}
}

@Article{gen:bayesian,
  author =	 {C R Genovese},
  title =	 {A {Bayesian} time-course model for functional
                  magnetic resonance imaging data (with discussion)},
  journal =	 JASA,
  year =	 2000,
  volume =	 95,
  number =	 451,
  pages =	 {691--719}
}

@Article{geo-etal:non-invasive,
  author =	 {M L George and A S K Dzik-Jurasz and A R Padhani and
                  G Brown and D M Tait and S A Eccles and R I Swift},
  title =	 {Non-invasive methods of assessing angiogenesis and
                  their value in predicting response to treatment in
                  colorectal cancer},
  journal =	 BJS,
  year =	 2001,
  volume =	 88,
  pages =	 {1628--1636}
}

@InProceedings{gib-etal:predicting,
  author =	 {P Gibbs and D J Manton and M Lowry and L W Turnbull},
  title =	 {Predicting response to neoadjuvant chemotherapy
                  using textural analysis},
  booktitle =	 {Proceedings of the 13th Annual Meeting of ISMRM},
  pages =	 241,
  year =	 2005,
  address =	 {Miami Beach}
}

@InCollection{gil:PK/PD,
  author =	 {D Giltinan},
  title =	 {Pharmacokinetics and Pharmacodynamics},
  booktitle =	 {Encyclopedia of Biostatistics},
  crossref =	 {arm-col:biostatistics},
  pages =	 {3352--3365}
}

@Article{glo:deconvolution,
  author =	 {G.H. Glover},
  title =	 {Deconvolution of impulse response in event-related
                  {BOLD} {fMRI}},
  journal =	 NI,
  year =	 1999,
  volume =	 9,
  number =	 4,
  pages =	 {416--429}
}

@InProceedings{gol-fis:permutation,
  author =	 {P Golland and B Fischl},
  title =	 {Permutation tests for classification: towards
                  statistical significance in image-based studies},
  booktitle =	 {Proceedings of the 18th International Conference on
                  Information Processing in Medical Imaging (IPMI'03)},
  pages =	 {330--341},
  year =	 2003,
  volume =	 2732
}

@Book{gol-nek-zhi:SSA,
  author =	 {N Golyandina and V Nekrutkin and A Zhigljavsky},
  title =	 {Analysis of Time Series Structure: SSA and Related
                  Techniques},
  publisher =	 {Chapman \& Hall/CRC},
  year =	 2001,
  number =	 90,
  series =	 {Monographs on Statistics and Applied Probability},
  address =	 {Boca Raton}
}

@Book{gon-woo:digital,
  author =	 {R C Gonzalez and R E Woods},
  title =	 {Digital Image Processing},
  publisher =	 {Prentice Hall},
  year =	 2002,
  address =	 {New Jersey},
  edition =	 {2nd}
}

@Article{gos-fah-aue:bayesian,
  author =	 {C G\"ossl and L Fahrmeir and D P Auer},
  title =	 {Bayesian modeling of the hemodynamic response
                  function in {BOLD} {fMRI}},
  journal =	 NI,

  year =	 2001,
  volume =	 14,
  pages =	 {140--148}
}

@Article{got:measurement,
  author =	 {Gotman, J},
  title =	 {Measurement of small time differences between {EEG}
                  channels: method and application to epileptic
                  seizure propagation},
  journal =	 ECN,
  year =	 1983,
  volume =	 56,
  pages =	 {501--514}
}

@Article{gou-etal:clustering,
  author =	 {C. Goutte and P. Toft and E. Rostrup and
                  F. \AA. Nielsen and L. K. Hansen},
  title =	 {On clustering {fMRI} time series},
  journal =	 NI,
  year =	 1999,
  volume =	 9,
  pages =	 {298--310}
}

@InProceedings{gra-etal:frequency,
  author =	 {R. P. P. P. Grasman and H. M. Huizenga and
                  L. J. Waldrop and K. B. E. B\"ocker and
                  P. C. M. Molenaar},
  title =	 {Frequency domain source and source coherence
                  estimation},
  booktitle =	 {13th International Conference on Biomagnetism},
  year =	 2002
}

@Book{gra-ryz:table,
  author =	 {I S Gradshteyn and I M Ryzhik},
  title =	 {Table of Integrals, Series, and Products},
  publisher =	 {Academic Press},
  year =	 2000,
  address =	 {San Diego},
  edition =	 {6th}
}

@Article{gre-sri:probability,
  author =	 {U Grenander and A Srivastava},
  title =	 {Probability models for clutter in natural images},
  journal =	 IEEETPAMI,
  year =	 2001,
  volume =	 23,
  number =	 4,
  pages =	 {424--429}
}

@Article{gud-pat:Rician,
  author =	 {H Gudbjartsson and S Patz},
  title =	 {The {Rician} distribution of noisy {MRI} data},
  journal =	 MRM,
  year =	 1995,
  volume =	 34,
  pages =	 {910--914}
}

@Article{gue-cor:EEG,
  author =	 {M. A. Guevara and M. {Corsi-Cabrera}},
  title =	 {{EEG} correlation or {EEG} Coherence?},
  journal =	 IJP,
  year =	 1996,
  volume =	 23,
  number =	 3,
  pages =	 {145--153}
}

@Article{gul-etal:reliability,
  author =	 {R P Gullapalli and R Maitra and S Roys and G Smith
                  and G Alon and J Greenspan},
  title =	 {Reliability estimation of grouped functional imaging
                  data using penalized maximum likelihood},
  journal =	 MRM,
  year =	 2005,
  volume =	 53,
  number =	 4,
  pages =	 {1126--1134}
}

@Article{gun-etal:basis-pursuit,
  author =	 {R. N. Gunn and S. R. Gunn and F. E. Turkheimer and
                  J. A. D. Aston and V. J. Cunningham},
  title =	 {Positron emission tomography compartmental models:
                  {A} basis pursuit strategy for kinetic modeling},
  journal =	 JCBFM,
  year =	 2002,
  volume =	 22,
  pages =	 {1425--1439}
}

@Article{gun-lud-rut:nmrlab,
  author =	 {U L G\"unther and C Ludwig and H R\"uterjans},
  title =	 {{NMRLAB}---{A}dvanced {NMR} data processing in
                  {M}atlab},
  journal =	 JMR,
  year =	 2000,
  volume =	 145,
  pages =	 {201--208}
}

@Article{guo-mac-pro:multiple-sclerosis,
  author =	 {A C Guo and J R MacFall and J M Provenzale},
  title =	 {Multiple sclerosis: {Diffusion} tensor {MR} imaging
                  for evaluation of normal-appearing white matter},
  journal =	 {Radiology},
  year =	 2002,
  volume =	 222,
  pages =	 {729--736}
}

@Article{hal-etal:load-independent,
  author =	 {Halliday, D M and Conway, B A and Farmer, S F and
                  Rosenberg, J R},
  title =	 {Load-independent contributions from motor-unit
                  synchronization to human physiological tremor},
  journal =	 JNphy,
  year =	 1999,
  volume =	 82,
  pages =	 {664--675}
}

@Article{hal-ros:application,
  author =	 {D M Halliday and J R Rosenberg},
  title =	 {On the application, estimation and interpretation of
                  coherence and pooled coherence},
  journal =	 JNM,
  year =	 2000,
  volume =	 100,
  pages =	 {173--174}
}

@Article{har-etal:comparative,
  author =	 {J U Harrer and G J M Parker and H A Haroon and D L
                  Buckley and K Embelton and C Roberts and D
                  Bal\'eriaux and A Jackson},
  title =	 {Comparative study of methods for determining
                  vascular permeability and blood volume in human
                  gliomas},
  journal =	 JMRI,
  year =	 2004,
  volume =	 20,
  pages =	 {748--757}
}

@Article{har-etal:Ktrans,
  author =	 {H A Haroon and D L Buckley and T A Patankar and G R
                  Dow and S A Rutherford and D Bal\'eriaux and A
                  Jackson},
  title =	 {A comparison of $K^\text{trans}$ measurements
                  obtained with conventional and first pass
                  pharmacokinetic models in human gliomas},
  journal =	 JMRI,
  year =	 2004,
  volume =	 19,
  pages =	 {527--536}
}

@Article{har-etal:comparison,
  author =	 {A D Harris and R S Pereira and J R Mitchell and M D
                  Hill and R J Sevick and R Frayne},
  title =	 {A comparison of images generated from
                  diffusion-weighted and diffusion-tensor imaging data
                  in hyper-acute stroke},
  journal =	 JMRI,
  year =	 2004,
  volume =	 20,
  pages =	 {193--200}
}

@Article{har-jen:spatial,
  author =	 {N V Hartvig and J L Jensen},
  title =	 {Spatial mixture modeling of {fMRI} data},
  journal =	 HBM,
  year =	 2000,
  volume =	 11,
  pages =	 {233--248}
}

@Article{har-won:k-means,
  author =	 {J A Hartigan and M A Wong},
  title =	 {A ${K}$-means clustering algorithm},
  journal =	 AS,
  year =	 1979,
  volume =	 28,
  pages =	 {100--108}
}

@Article{has-etal:analytical,
  author =	 {K M Hasan and P J Basser and D L Parker and A L
                  Alexander},
  title =	 {Analytical computation of the eigenvalues and
                  eigenvectors in {DT-MRI}},
  journal =	 JMR,
  year =	 2001,
  volume =	 152,
  number =	 {},
  pages =	 {41--47}
}

@Article{has-nar:computation,
  author =	 {K M Hasan and P A Narayana},
  title =	 {Computation of the fractional anistropy and mean
                  diffusivity maps without tensor decoding and
                  diagonalization: {Theoretical} analysis and
                  validation},
  journal =	 MRM,
  year =	 2003,
  volume =	 50,
  pages =	 {589--598}
}

@Article{has-par-ale:optimization,
  author =	 {K M Hasan and D L Parker and A L Alexander},
  title =	 {Magnetic resonance water self-diffusion tensor
                  encoding optimization methods for full brain
                  acquisition},
  journal =	 IAS,
  year =	 2002,
  volume =	 21,
  pages =	 {87--96}
}

@Article{hay-nic:combining,
  author =	 {S Hayasaka and T Nichols},
  title =	 {Combining voxel intensity and cluster extent with
                  permutation test framework},
  journal =	 NI,
  year =	 2004,
  volume =	 23,
  pages =	 {54--63}
}

@Article{hay-pad-lea:assessing,
  author =	 {C Hayes and A R Padhani and M O Leach},
  title =	 {Assessing changes in tumour vascular function using
                  dynamic contrast-enhanced magentic resonance
                  imaging},
  journal =	 NMRB,
  year =	 2002,
  volume =	 15,
  pages =	 {154--163}
}

@Article{hei-etal:assessing,
  author =	 {S Heim and K Hahn and P G S\"amann and L Fahrmeir
                  and D P Auer},
  title =	 {Assessing {DTI} data quality using bootstrap
                  analysis},
  journal =      MRM,
  year =	 2004,
  volume =       52,
  pages =        {582--589}
}

@Article{her-etal:enhancement,
  author =	 {B R Herts and D M coll and A C Novick and N
                  Obuchowski G Linnell and S L Wirth and M E Baker},
  title =	 {Enhancement charateristics of papillay renal
                  neoplasms revealed on triphasic helical {CT} of the
                  kidneys},
  journal =	 AJR,
  year =	 2002,
  volume =	 178,
  pages =	 {367--372}
}

@Article{heu-hae:suppressing,
  author =	 {A Heuer and U Haeberlen},
  title =	 {A new method for suppressing baseline distortions in
                  {FT} {NMR}},
  journal =	 JMR,
  year =	 1989,
  volume =	 85,
  pages =	 {79--94}
}

@Article{heu:phase-correction,
  author =	 {A Heuer},
  title =	 {A new algorithm for automatic phase correction by
                  symmetrizing lines},
  journal =	 JMR,
  year =	 1991,
  volume =	 91,
  pages =	 {241--253}
}

@Article{hex:tensors,
  author =	 {G R Hext},
  title =	 {The estimation of second-order tensors, with related
                  tests and designs},
  journal =	 BKA,
  year =	 1963,
  volume =	 50,
  pages =	 {353--373}
}

@Article{hig:unravelling,
  author =	 {D J Higham},
  title =	 {Unravelling small world networks},
  journal =	 JCAM,
  year =	 2003,
  volume =	 158,
  pages =	 {61--74}
}

@Article{hir-etal:deviations,
  author =	 {J G Hirsch and S M Schwenk and C Rossmanith and M G
                  Hennerici and A Gass},
  title =	 {Deviations from the diffusion tensor model as
                  revealed by contour plot visualization using high
                  angular resolution diffusion-weighted imaging
                  (HARDI)},
  journal =	 MAGMA,
  year =	 2003,
  volume =	 16,
  pages =	 {93--102}
}

@Article{hoe-etal:application,
  author =	 {M Hoehn and K Nicolay and C Franke and B {van der
                  Sanden}},
  title =	 {Application of magnetic resonance to animal models
                  of cerebral ischemia},
  journal =	 JMRI,
  year =	 2001,
  volume =	 14,
  number =       5,
  pages =	 {491--509}
}

@Article{hol-etal:nonparametric,
  author =	 {A P Holmes and R C Blair and J D G Watson and I
                  Ford},
  title =	 {Nonparametric analysis of statistic images from
                  functional mapping experiments},
  journal =	 JCBFM,
  year =	 1996,
  volume =	 16,
  pages =	 {7--22}
}

@Article{hon-etal:dopaminergic,
  author =	 {G D Honey and J Suckling and F Zelaya and C Long and
                  C Routledge and S Jackson and V Ng and P C Fletcher
                  and S C R Williams and J Brown and E T Bullmore},
  title =	 {Dopaminergic drug effects on physiological
                  connectivity in a human cortico-striato-thalamic
                  system},
  journal =	 {Brain},
  year =	 2003,
  volume =	 126,
  pages =	 {1767--1781},
}

@Article{hon-lad:group-testing,
  author =	 {Hong, E S and Ladner, R E},
  title =	 {Group testing for image compression},
  journal =	 IEEETIP,
  year =	 2002,
  volume =	 11,
  number =	 8,
  pages =	 {901--911}
}

@Article{hop-etal:frontal,
  author =	 {M J Hoptman and J Volavka and G Johnson and E Weiss
                  and R M Bilder and K O Lim},
  title =	 {Frontal white matter microstructure, aggression, and
                  impulsivity in men with schizophrenia: a preliminary
                  study},
  journal =	 BP,
  year =	 2002,
  volume =	 52,
  pages =	 {9--14}
}

@Article{hop-etal:objective,
  author =	 {J W Hoppin and M A Kupinski and G A Kastis and E
                  Clarkson and H H Barrett},
  title =	 {Objective comparison of quantitative imaging
                  modalities without the use of a gold standard},
  journal =	 IEEETMI,
  year =	 2002,
  volume =	 21,
  number =	 5,
  pages =	 {441--449}
}

@Article{hor-mor:algorithms,
  author =	 {M A Horsfield and B Morgan},
  title =	 {Algorithms for calculation of kinetic parameters
                  from {T1}-weighted dynamic contrast-enhanced
                  magnetic resonance imaging},
  journal =	 JMRI,
  year =	 2004,
  volume =	 20,
  pages =	 {723--729}
}

@Article{hor:elusive,
  author =	 {B Horwitz},
  title =	 {The elusive concept of brain connectivity},
  journal =	 NI,
  year =	 2003,
  volume =	 19,
  pages =	 {466--470}
}

@Article{hos-sol-ard:multiresolution,
  author =	 {Hossein-Zadeh, G and Soltanian-Zadeh, H and
                  Ardekani, B A},
  title =	 {Multiresolution {fMRI} activation detection using
                  translation invariant wavelet transform and
                  statistical analysis based on resampling},
  journal =	 IEEETMI,
  year =	 2003,
  volume =	 22,
  number =	 3,
  pages =	 {302--314}
}

@Article{hou-etal:mapping,
  author =	 {Houston, G C and Papadakis, N G and Carpenter, T A
                  and Hall, L D and Mukherjee, B M and James, M F and
                  Huang, C L-H},
  title =	 {Mapping of brain activation in response to
                  pharmacological agents using {fMRI} in the rat},
  journal =	 MRI,
  year =	 2001,
  volume =	 19,
  pages =	 {905--919}
}

@InProceedings{hui-etal:lagged,
  author =	 {H. M. Huizenga and R. P. P. P. Grasman and
                  L. J. Waldrop and J. C. {de Munck} and
                  K. B. E. B\"ocker and P. C. M. Molenaar},
  title =	 {Analysis of {EEG}/{MEG} sources and their lagged
                  covariances},
  booktitle =	 {13th International Conference on Biomagnetism},
  year =	 2002
}

@InCollection{hyd-bis:correlation,
  author =	 {J S Hyde and B B Biswal},
  title =	 {Functionally related correlation in the noise},
  booktitle =	 {Functional {MRI}},
  crossref =	 {moo-ban:fMRI},
  pages =	 {263--275}
}

@Article{hyd-etal:quantitative,
  author =	 {F. Hyder and I. Kida and K. L. Behar and
                  R. P. Kennan and P. K. Maciejewski and
                  D. L. Rothman},
  title =	 {Quantitative functional imaging of the brain:
                  towards mapping neuronal activity by {BOLD}
                  {fMRI}},
  journal =	 {NMR in Biomedicine},
  year =	 2001,
  volume =	 14,
  pages =	 {413--431}
}

@Article{hyv-oja:ICA,
  author =	 {A Hyv\"arinen and E Oja},
  title =	 {Independent component analysis: algorithms and
                  applications},
  journal =	 NN,
  year =	 2000,
  volume =	 13,
  pages =	 {411--430}
}

@Article{hyv:fastICA,
  author =	 {A Hyv\"arinen},
  title =	 {Fast and robust fixed-point algorithm for indepedent
                  component analysis},
  journal =	 IEEETNN,
  year =	 1999,
  volume =	 10,
  number =	 3,
  pages =	 {626--634}
}

@Article{hyv:unifying,
  author =	 {A Hyv\"arinen},
  title =	 {A unifying model for blind separation of independent
                  sources},
  journal =	 SP,
  year =	 2005,
  volume =	 {??},
  pages =	 {???--???}
}

@Article{ing:pain,
  author =	 {M Ingvar},
  title =	 {Pain and functional imaging},
  journal =	 PTRSLA,
  year =	 1999,
  volume =	 354,
  number =	 1357,
  pages =	 {1347--1358}
}

@Article{ire-etal:ECG-QT,
  author =	 {R H Ireland and R T C E Robinson and S R Heller and
                  SJ L B Marques and N D Harris},
  title =	 {Measurement of high resolution {ECG QT} interval
                  during controlled euglycaemia and hypoglycaemia},
  journal =	 {Physiological Measurements},
  year =	 2000,
  volume =	 21,
  pages =	 {295--303}
}

@InProceedings{ire-etal:dose,
  author =	 {M D Ireland and A S Lowe and M F James and R A
                  Leslie and S C R Williams},
  title =	 {Dose dependent effects of the dopamine {D$_2$/D$_3$}
                  receptor agonist quinelorane measured using
                  pharmacological magnetic resonance imaging},
  year =	 2003,
  series =	 {Program No. 390.17. {\em 2003 Abstract
                  Viewer/Itinerary Planner}},
  address =	 {Washington, D.C.},
  publisher =	 {Society for Neuroscience},
  note =	 {Online},
}

@InProceedings{ish-etal:basic,
  author =	 {H. Ishibashi and M. Kawakatsu and M. Adachi and
                  M. Kotani},
  title =	 {A basic investigation of noise reduction for {MEG}
                  data using independent component analysis based on
                  correlation function},
  booktitle =	 {12th International Conference on Biomagnetism},
  year =	 2000
}

@Article{jac-etal:in-vivo,
  author =	 {C R Jack and M Garwood and T M Wengenack and B
                  Borowski and G L Curran and J Lin and G Adriany and
                  O H J Gr\"{o}hn and R Grimm and J F Poduslo},
  title =	 {In vivo visualization of {Alzheimer's} amyloid
                  plaques by magnetic resonance imaging in transgenic
                  mice without a contrast agent},
  journal =	 MRM,
  year =	 2004,
  volume =	 52,
  pages =	 {1263--1271}
}

@Article{jam-sug:sparsely,
  author =	 {G M James and C A Sugar},
  title =	 {Clustering for sparsely sampled functional data},
  journal =	 JASA,
  year =	 2003,
  volume =	 98,
  number =	 462,
  pages =	 {397--408}
}

@Article{jan-pau:how,
  author =	 {A Janssen and T Pauls},
  title =	 {How do bootstrap and permutation tests work?},
  journal =	 AofS,
  year =	 2003,
  volume =	 31,
  number =	 3,
  pages =	 {768--806}
}

@Article{jar-som:EROICA,
  author =	 {M Jarmasz and R L Somarjai},
  title =	 {{EROICA}: {Exploring} regions of interest with
                  cluster analysis in large functional magnetic
                  resonance imaging data sets},
  journal =	 CMR,
  year =	 2003,
  volume =	 {16A},
  number =	 1,
  pages =	 {50--62}
}

@Article{jen-etal:kurtosis,
  author =	 {J H Jensen and J A Helpern and A Ramani and H Lu and
                  K Kaczynski},
  title =	 {Diffusional kurtosis imaging: {The} quantification
                  of {non-Gaussian} water diffusion by means of
                  magnetic resonance imaging},
  journal =	 MRM,
  year =	 2005,
  volume =	 53,
  number =	 6,
  pages =	 {1432--1440}
}

@Article{jen-smi:global,
  author =	 {M Jenkinson and S M Smith},
  title =	 {A global optimisation method for robust affine
                  registration of brain images},
  journal =	 MIA,
  year =	 2001,
  volume =	 5,
  number =	 2,
  pages =	 {143--156}
}

@Article{jon-bas:squashing,
  author =	 {D K Jones and P J Basser},
  title =	 {``{Squashing} peanuts and smashing pumpkins'': {How}
                  noise distorts diffusion-weighted {MR} data},
  journal =	 MRM,
  year =	 2004,
  volume =	 52,
  pages =	 {979--993}
}

@Article{jon-etal:cluster-analysis,
  author =	 {D K Jones and R Dardis and M Ervine and M A
                  Horsfield and M Jeffree adn A Simmons and J Jarosz
                  and A J Strong},
  title =	 {Cluster analysis of diffucion tensor magnetic
                  resonance images in human head injury},
  journal =	 {Neurosurgery},
  year =	 2000,
  volume =	 47,
  number =	 8,
  pages =	 {306--314}
}

@Article{jon-etal:isotropic,
  author =	 {D K Jones and S C R Williams and D Gasston and M A
                  Horsfield and A Simmons and R Howard},
  title =	 {Isotropic resolution diffusion tensor imaging with
                  whole brain acquisition in a clinically acceptable
                  time},
  journal =	 HBM,
  year =	 2002,
  volume =	 15,
  pages =	 {216--230}
}

@Article{jon-etal:pasta,
  author =	 {D K Jones and A R Travis and G Eden and C Pierpaoli
                  and P Basser},
  title =	 {{PASTA}: pointwise assessment of streamline
                  tractography attributes},
  journal =	 MRM,
  year =	 2005,
  volume =	 53,
  number =	 6,
  pages =	 {1462--1467}
}

@Article{jon-hor-sim:optimal,
  author =	 {D K Jones and M A Horsfield and A Simmons},
  title =	 {Optimal strategies for measuring diffusion in
                  anisotropic systems by magnetic resonance imaging},
  journal =	 MRM,
  year =	 1999,
  volume =	 42,
  number =	 3,
  pages =	 {515--525}
}

@Article{jon-pie:confidence,
  author =	 {D K Jones and C Pierpaoli},
  title =	 {Confidence mapping in diffusion tensor magnetic
                  resonance imaging tractography using a bootstrap
                  approach},
  journal =	 MRM,
  year =	 2005,
  volume =	 53,
  number =	 5,
  pages =	 {1143--1149}
}

@Article{jon:determining,
  author =	 {D K Jones},
  title =	 {Determining and visualizing uncertainty in estimates
                  of fiber orientation from diffusion tensor {MRI}},
  journal =	 MRM,
  year =	 2003,
  volume =	 49,
  number =	 1,
  pages =	 {7--12}
}

@Article{jon:effect,
  author =	 {D K Jones},
  title =	 {The effect of gradient sampling schemes on measures
                  derived from diffusion tensor {MRI}: a {Monte}
                  {Carlo} study},
  journal =	 MRM,
  year =	 2004,
  volume =	 51,
  number =	 4,
  pages =	 {807--815}
}

@Article{jos-hen:event-related,
  author =	 {Josephs, O and Henson, R N A},
  title =	 {Event-related {fMRI}: {M}odelling, inference and
                  optimisation},
  journal =	 PTRSLA,
  year =	 1999,
  volume =	 354,
  number =	 1387,
  pages =	 {1215--1228}
}

@Article{jos-tur-fri:event,
  author =	 {Josephs, O and Turner, R and Friston, K},
  title =	 {Event-related {fMRI}},
  journal =	 HBM,
  year =	 1997,
  volume =	 5,
  number =	 4,
  pages =	 {243--248}
}

@Article{kal-etal:coherency,
  author =	 {S Kalitzin and B W {van Dijk} and H Sprekreijse and
                  W A {van Leeuwen}},
  title =	 {Coherency and connectivity in oscillating neural
                  networks: linear partialization analysis},
  journal =	 BC,
  year =	 1997,
  volume =	 76,
  pages =	 {73--82}
}

@Article{kan-bis-hud:regional,
  author =	 {Sridhar S. Kannurpatti and Bharat B. Biswal and
                  A. G. Hudetz},
  title =	 {Regional dynamics of the {fMRI-BOLD} signal response
                  to hypoxia-hypercapnia in the rat brain},
  journal =	 JMRI,
  year =	 2003,
  volume =	 17,
  number =	 6,
  pages =	 {641--647}
}

@InProceedings{kas-etal:signal,
  author =	 {N. Kasai and M. Kurosawa and M. Okumura and Y. Ono
                  and K. Takada and A. Ishiyama and M. Tonoike and
                  M. Yamaguchi},
  title =	 {Signal processing using wavelet transform for {MEG}
                  noise reduction},
  booktitle =	 {12th International Conference on Biomagnetism},
  year =	 2000
}

@Article{kat-mat-sug:spatio-temporal,
  author =	 {K. Katanoda and Y. Matsuda and M. Sugishita},
  title =	 {A spatio-temporal regression model for the analysis
                  of function {MRI} data},
  journal =	 NI,
  year =	 2002,
  volume =	 17,
  number =	 3,
  pages =	 {1415--1428}
}

@Article{kay:editorial,
  author =	 {J A Kaye},
  title =	 {Methods for discerning disease-modifying effects in
                  {Alzheimer} disease treatment trials},
  journal =	 {Archives of Neurology},
  year =	 2000,
  volume =	 57,
  number =	 3,
  pages =	 {312--314}
}

@Article{ket:blood-tissue,
  author =	 {S Kety},
  title =	 {Blood--tissue exchange methods. {Theory} of
                  blood-tissue exchange and its application to
                  measurement of blood flow},
  journal =	 {Methods in Medical Research},
  year =	 1960,
  volume =	 8,
  pages =	 {223--227}
}

@Article{kha:inequalities,
  author =	 {C. G. Khatri},
  title =	 {On certain inequalities for {Normal} distributions
                  and their applications to simultaneous confidence
                  bounds},
  journal =	 AMS,
  year =	 1967,
  volume =	 38,
  pages =	 {1853--1867}
}

@InProceedings{kin-zym-pen:dt-mri,
  author =	 {N Kingsbury and A Zymnis and A Pena},
  title =	 {{DT-MRI} data visualization using the dual tree
                  complex wavelet transform},
  booktitle =	 {Proceedings of the IEEE Symposium on Biomedical
                  Imaging},
  year =	 2004,
  number =	 111,
  note =	 {April 15--18}
}

@InProceedings{kin-zym:3D,
  author =	 {N Kingsbury and A Zymnis},
  title =	 {{3D} {DT-MRI} data visualization using the dual tree
                  complex wavelet transform},
  booktitle =	 {Proceedings of the EURASIP Biosignal Conference},
  year =	 2004,
  number =	 31,
  note =	 {June 23--25}
}

@Article{kit-etal:diffusion,
  author =	 {H Kitamura and H Matsuzawa and T Shioiri and T
                  Someya and I L Kwee and T Nakada},
  title =	 {Diffusion tensor analysis in chronic schizophrenia:
                  a preliminary study on a high-field {(3.0T)} system},
  journal =	 EAPCN,
  year =	 2005,
  volume =	 {??},
  pages =	 {??--??}
}

@Article{kiv-etal:ICA,
  author =	 {V. Kiviniemi and J.-H. Kantola and J. Jauhiainen and
                  A. Hyv\"arinen and O. Tervonen},
  title =	 {Independent component analysis of nondeterministic
                  {fMRI} signal sources},
  journal =	 NI,
  year =	 2003,
  volume =	 18,
  number =	 2,
  pages =	 {253--260},
}

@Article{kle-li-her:coherent,
  author =	 {W R Klemm and T H Li and J L Hernandez},
  title =	 {Coherent {EEG} indicators of cognitive binding
                  during ambiguous figure tasks},
  journal =	 {Consciousness and Cognition},
  year =	 2000,
  volume =	 9,
  number =	 1,
  pages =	 {66--85}
}

@Article{kno-ras-bec:disease-mapping,
  author =	 {L {Knorr-Held} and G Ra{\ss}er and N Becker},
  title =	 {Disease mapping of stage-specific cancer incidence
                  data},
  journal =	 {Biometrics},
  year =	 2002,
  volume =	 58,
  pages =	 {492--501}
}

@Article{kno-ras:bayesian,
  author =	 {L {Knorr-Held} and G Ra{\ss}er},
  title =	 {Bayesian detection of clusters and discontinuities
                  in disease maps},
  journal =	 {Biometrics},
  year =	 2000,
  volume =	 56,
  pages =	 {13--21}
}

@Article{kno:EEG,
  author =	 {V J Knott},
  title =	 {Quantitative {EEG} methods and measures in human
                  psychopharmacological research},
  journal =	 HPCE,
  year =	 2000,
  volume =	 15,
  pages =	 {479--498}
}

@Article{kob-mer-got:separation,
  author =	 {K. Kobayashi and I. Merlet and J. Gotman},
  title =	 {Separation of spikes from background by independent
                  component analysis with dipole modeling and
                  comparison to intracranial recording},
  journal =	 CN,
  year =	 2001,
  volume =	 112,
  pages =	 {405--413}
}

@Article{koe-mar-val:topographic,
  author =	 {T. Koenig and F. Marti-Lopez and P. Valdes-Sosa},
  title =	 {Topographic time-frequency decomposition of the
                  {EEG}},
  journal =	 NI,
  year =	 2001,
  volume =	 14,
  number =	 2,
  pages =	 {383--390}
}

@Article{koe-ng:SparseM,
  author =	 {R Koenker and P Ng},
  title =	 {{SparseM}: {A} sparse matrix package for {R}},
  journal =	 JSS,
  year =	 2003,
  volume =	 8,
  number =	 6
}

@Article{koh-etal:identification,
  author =	 {J. Kohlmorgan and K.-R. M\"uller and J. Rittweger
                  and K. Pawelzik},
  title =	 {Identification of nonstationary dynamics in
                  physiological signals},
  journal =	 {Biological Cybernetics},
  year =	 2000,
  volume =	 83,
  number =	 1,
  pages =	 {73--84}
}

@Article{koz-car-now:automatic,
  author =	 {D. Kozinska and F. Carducci and K. Nowinski},
  title =	 {Automatic alignment of {EEG}/{MEG} and {MRI} data
                  sets},
  journal =	 CN,
  year =	 2001,
  volume =	 112,
  pages =	 {1553--1561}
}

@Article{kri-che:acquisition,
  author =	 {S Krishnan and T L Chenevert},
  title =	 {Spatio-temporal bandwidth-based acquisition for
                  dynamic contrast-enhanced magnetic resonance
                  imaging},
  journal =	 JMRI,
  year =	 2004,
  volume =	 20,
  pages =	 {129--137}
}

@Article{kru-glo:noise,
  author =	 {G. Kr\"uger and G. H. Glover},
  title =	 {Physiological noise in oxygenation-sensitive
                  magnetic resonance imaging},
  journal =	 MRM,
  year =	 2001,
  volume =	 46,
  pages =	 {631--637}
}

@Article{kru-von-des:comparison,
  author =	 {F. Kruggel and D. Y. {von Cramon} and X. Descombes},
  title =	 {Comparison of Filtering Methods for {fMRI} datasets},
  journal =	 NI,
  year =	 1999,
  volume =	 10,
  number =	 5,
  pages =	 {530--543}
}

@Article{kru-von:single-trial,
  author =	 {F. Kruggel and D. Y. {von Cramon}},
  title =	 {Modeling the hemodynamic response in single-trial
                  functional {MRI} experiments},
  journal =	 MRM,
  year =	 1999,
  volume =	 42,
  number =	 4,
  pages =	 {787--797}
}

@Article{kuh-lav:mixed-effects,
  author =	 {E Kuhn and M Lavielle},
  title =	 {Maximum likelihood estimation in nonlinear mixed
                  effects modesl},
  journal =	 CSDA,
  year =	 2005,
  volume =	 {??},
  pages =	 {???--???}
}

@Article{kum-etal:reduced,
  author =	 {S Kumra and M Ashtari and M McMeniman and J Vogel
                  and R Augustin and D E Becker and E Nakayama and K
                  Gyato and K Lim and P Szeszko},
  title =	 {Reduced frontal white matter integrity in
                  early-onset schizophrenia: a preliminary study},
  journal =	 BP,
  year =	 2004,
  volume =	 55,
  number =	 12,
  pages =	 {1138--1145}
}

@Article{kuo:integration,
  author =	 {D Kuonen},
  title =	 {Numerical integration in {S-Plus} or {R}: {A}
                  survey},
  journal =	 JSS,
  year =	 2003,
  volume =	 8,
  number =	 13
}

@Article{lac-etal:measuring,
  author =	 {J-P Lachaux and E Rodriguez and J Martinerie and F J
                  Varela},
  title =	 {Measuring phase synchrony in brain signals},
  journal =	 HBM,
  year =	 1999,
  volume =	 8,
  pages =	 {194--208}
}

@Article{lac-etal:studying,
  author =	 {J-P Lachaux and E Rodriguez and M {Le Van Quyen} and
                  A Lutz and J Martinerie and F J Varela},
  title =	 {Studying single-trials of phase synchronous activity
                  in the brain},
  journal =	 {International Journal of Bifurcation and Chaos},
  year =	 2000,
  volume =	 10,
  number =	 10,
  pages =	 {2429--2439}
}

@Article{lac-etal:time-course,
  author =	 {Lachaux, J.-P. and Lutz, A. and Rudrauf, D. and
                  Cosmelli, D. and {Le Van Quyen}, M. and
                  Martinerie, J. and Varela, F.},
  title =	 {Estimating the time-course of coherence between
                  single-trial brain signals: {An} introduction to
                  wavelet coherence},
  journal =	 CN,
  year =	 2002,
  volume =	 32,
  number =	 3,
  pages =	 {157--174},
}

@Article{lad-etal:ica,
  author =	 {Christophe Ladroue and Franklyn A. Howe and John
                  R. Griffiths and A. Rosemary Tate},
  title =	 {Independent component analysis for automated
                  decomposition of in vivo magnetic resonance spectra},
  journal =	 MRM,
  year =	 2003,
  volume =	 50,
  number =	 4,
  pages =	 {697-703}
}

@Article{lag-etal:automatic,
  author =	 {P. Laguna and P. Caminal and R. Jan{\'e} and
                  N. V. Thakor},
  title =	 {Automatic {QT} interval analysis in postmyocardial
                  patients},
  journal =	 {Journal of Ambulatory Monitoring},
  year =	 1991,
  volume =	 4,
  number =	 2,
  pages =	 {91-111}
}

@Article{lah-etal:functional-connectivity,
  author =	 {P.-J. Lahaye and J.-B. Poline and G. Flandin and
                  S. Dodel and L. Garnero},
  title =	 {Functional connectivity: studying nonlinear, delayed
                  interactions between {BOLD} signals},
  journal =	 NI,
  year =	 2003,
  volume =	 20,
  pages =	 {962--974}
}

@Article{lah-etal:prediction,
  author =	 {S. N. Lahiri and M. S. Kaiser and N. Cressie and
                  N.-J. Hsu},
  title =	 {Prediction of spatial cumulative distribution
                  function using subsampling},
  journal =	 JASA,
  year =	 1999,
  volume =	 94,
  number =	 445,
  pages =	 {86--96}
}

@Article{lai-rog-mey:comparison,
  author =	 {A R Laird and B P Rogers and M E Meyerand},
  title =	 {Comparison of {Fourier} and wavelet resampling
                  methods},
  journal =	 MRM,
  year =	 2004,
  volume =	 51,
  pages =	 {418--422}
}

@Article{lan-ell-bul:tests,
  author =	 {S Landau and I C Ellison-Wright and E T Bullmore},
  title =	 {Tests for a difference in timing of physiological
                  response between two brain regions measured by using
                  functional magnetic resonance imaging},
  journal =	 AS,
  year =	 2004,
  volume =	 53,
  number =	 1,
  pages =	 {63--82}
}

@Article{lan-etal:space-oriented,
  author =	 {G. Lantz and C. M. Michel and M. Seeck and O. Blanke
                  and L. Spinelli and G. Thut and T. Landis and
                  I. Ros\'en},
  title =	 {Space-oriented segmentation and 3-dimensional source
                  reconstruction of ictal {EEG} patterns},
  journal =	 CN,
  year =	 2001,
  volume =	 112,
  pages =	 {688--697}
}

@Article{lan-zeg:non-linear,
  author =	 {N. Lange and S. L. Zeger},
  title =	 {Non-linear {Fourier} time series analysis for human
                  brain mapping by functional magnetic resonance
                  imaging},
  journal =	 AS,
  year =	 1997,
  volume =	 46,
  number =	 1,
  pages =	 {1--29}
}

@Article{lan:thinking,
  author =	 {Nicholas Lange},
  title =	 {Statistical Thinking in Functional and Structural
                  Magnetic Resonance Neuroimaging},
  journal =	 SM,
  year =	 1999,
  volume =	 18,
  pages =	 {2401--2407}
}

@Article{lan:what,
  author =	 {N Lange},
  title =	 {What can modern statistics offer imaging
                  neuroscience?},
  journal =	 SMMR,
  year =	 2003,
  volume =	 12,
  number =	 5,
  pages =	 {447--469}
}

@Article{lar-tof:measurement,
  author =	 {H B Larsson and P S Tofts},
  title =	 {Measurement of the blood-brain barrier permeability
                  and leakage space using dynamic {Gd-DTPA}
                  scanning---a comparison of methods},
  journal =	 MRM,
  year =	 1992,
  volume =	 24,
  number =	 1,
  pages =	 {174--176}
}

@Article{las-jen:orientation,
  author =	 {N C K Lassen and D J Jensen},
  title =	 {On the statistical analysis of orientation data},
  journal =	 {Acto Crystallographica},
  year =	 1994,
  volume =	 {A50},
  pages =	 {741--748}
}

@Article{laz-etal:combining,
  author =	 {N A Lazar and B Luna and J A Sweeney and W F Eddy},
  title =	 {Combining Brains: {A} Survey of Methods for
                  Statistical Pooling of Information},
  journal =	 NI,
  year =	 2002,
  volume =	 16,
  pages =	 {538--550}
}

@Article{le-etal:comparison,
  author =	 {M {Le Van Quyen} and J Foucher and J-P Lachaux and E
                  Rodriguez and A Lutz and J Martinerie and F J
                  Varela},
  title =	 {Comparison of {Hilbert} transform and wavelet
                  methods for the analysis of neuronal synchrony},
  journal =	 JNM,
  year =	 2001,
  volume =	 111,
  pages =	 {83--98}
}

@Article{lee-lah:variogram,
  author =	 {Y D Lee and S N Lahiri},
  title =	 {Least squares variogram fitting by spatial
                  subsampling},
  journal =	 JRSSB,
  year =	 2002,
  volume =	 64,
  number =	 4,
  pages =	 {837--854}
}

@Article{les-jam:phMRI,
  author =	 {R A Leslie and M F James},
  title =	 {Pharmacological magnetic resonance imaging: a new
                  application for functional {MRI}},
  journal =	 {Trends in Pharmacological Sciences},
  year =	 2000,
  volume =	 21,
  number =	 8,
  pages =	 {314--318}
}

@Article{lew-wea:introduction,
  author =	 {R J Lewis and R L Wears},
  title =	 {An introduction to the {Bayesian} analysis of
                  clinical trials},
  journal =	 {Annals of Emergency Medicine},
  year =	 1993,
  volume =	 22,
  number =	 8,
  pages =	 {115--123}
}

@Article{li-etal:improved,
  author =	 {K-L Li and X P Zhu and J Waterton and A Jackson},
  title =	 {Improved {3D} quantitative mapping of blood volume
                  and endothelial permeability in brain tumors},
  journal =	 JMRI,
  year =	 2000,
  volume =	 12,
  pages =	 {347--357}
}

@Article{lia-etal:causal,
  author =	 {H Liang and M Ding and R Nakamura and S L Bressler},
  title =	 {Causal influences in primate cerebral cortex during
                  visual pattern discrimination},
  journal =	 {NeuroReport},
  year =	 2000,
  volume =	 11,
  number =	 13,
  pages =	 {2875--2880}
}

@Article{lie-etal:color-coded,
  author =	 {C Lie and J G Hirsch and C Ro{\ss}manith and M G
                  Hennerici and A Gass},
  title =	 {Clinicotopographical correlation of corticospinal
                  tract stroke: {A} color-coded diffusion tensor
                  imaging study},
  journal =	 {Stroke},
  year =	 2003,
  volume =	 35,
  pages =	 {86--92}
}

@Article{lim-etal:reduced,
  author =	 {K O Lim and S J Choi and N Pomara and A Wolkin na dJ
                  P Rotrosen},
  title =	 {Recued frontal white matter integrity in cocaine
                  dependence: a controlled diffution tensor imaging
                  study},
  journal =	 BP,
  year =	 2002,
  volume =	 51,
  pages =	 {890--895}
}

@Article{lin-bat:nonlinear,
  author =	 {M J Lindstrom and D M Bates},
  title =	 {Nonlinear mixed effects models for repeated measures
                  data},
  journal =	 {Biometrics},
  year =	 1990,
  volume =	 46,
  pages =	 {673--687}
}

@Article{lin-etal:long-range,
  author =	 {K Linenkaer-Hansen and V V Nikouline and J M Palva
                  and R J Ilmoniemi},
  title =	 {Long-range temporal correlations and scaling
                  behavior in human brain oscillations},
  journal =	 TJN,
  year =	 2001,
  volume =	 21,
  number =	 4,
  pages =	 {1370--1377}
}

@Book{lin:nonlinear-models,
  author =	 {J K Lindsey},
  title =	 {Nonlinear Models in Medical Statistics},
  publisher =	 {Oxford University Press},
  year =	 2001,
  volume =	 24,
  series =	 {Oxford Statistical Sciences Series},
  address =      {Oxford, England}
}

@Article{liu-etal:characterizing,
  author =	 {C Liu and R Bammer and B Acar and M E Moseley},
  title =	 {Characterizing non-{Gaussian} diffusion by using
                  generalized diffusion tensors},
  journal =	 MRM,
  year =	 2004,
  volume =	 51,
  number =	 5,
  pages =	 {924--937}
}

@Article{liu-bam-mos:limitations,
  author =	 {C Liu and R Bammer and M E Moseley},
  title =	 {Limitations of apparent diffusion coefficient-based
                  models in characterizing non-{Gaussian} diffusion},
  journal =	 MRM,
  year =	 2005,
  volume =	 54,
  pages =	 {419--428}
}

@Article{liu:bootstrap,
  author =	 {R Y Liu},
  title =	 {Bootstrap procedure under some non-i.i.d. models},
  journal =	 AofS,
  year =	 1988,
  volume =	 16,
  pages =	 {1696--1708}
}

@Article{lon-etal:reversible,
  author =	 {Longa, E Z and Weinstein, P R and Carlson, S and
                  Cummins, R},
  title =	 {Reversible middle cerebral artery occlusion without
                  craniectomy in rats},
  journal =	 {Stroke},
  year =	 1989,
  volume =	 20,
  pages =	 {84--91}
}

@Article{lon-etal:spatiotemporal,
  author =	 {C Long and E N Brown and D Manoach and V Solo},
  title =	 {Spatiotemporal wavelet analysis for functional
                  {MRI}},
  journal =	 NI,
  year =	 2004,
  volume =	 {??},
  number =	 {??},
  pages =	 {???--???},
  note =	 {in press}
}

@Article{low-moc-sor:connectivity,
  author =	 {M J Lowe and B J Mock and J A Sorenson},
  title =	 {Functional connectivity in single and multislice
                  echoplanar imaging using resting-state fluctuations},
  journal =	 NI,
  year =	 1998,
  volume =	 7,
  pages =	 {119--132}
}

@InProceedings{lu-etal:stippling,
  author =	 {A Lu and C J Morris and D S Ebert and P Rheingans
                  and C Hansen},
  title =	 {Non-photorealistic volume rendering using stippling
                  techniques},
  booktitle =	 {IEEE Visualization Conference Proceedings},
  year =	 2002
}

@Article{lu-jos-mor:nmr-fid,
  author =	 {Y Lu and S Joshi and J M Morris},
  title =	 {Noise reduction for {NMR} {FID} signals via {G}abor
                  expansion},
  journal =	 IEEETBE,
  year =	 1997,
  volume =	 44,
  number =	 6,
  pages =	 {512--528}
}

@TechReport{lu-zim:testing,
  author =	 {N Lu and D L Zimmerman},
  title =	 {Testing for directional symmetry in spatial
                  dependence using the periodogram},
  institution =	 {Department of Statistics and Actuarial Science,
                  University of Iowa},
  year =	 2002,
  number =	 317
}

@Article{lun-etal:non-white,
  author =	 {T E Lund and K H Madsen and K Sidaros and W-L Luo
                  and T E Nichols},
  title =	 {Non-white noise in {fMRI}: {Does} modelling have an
                  impact?},
  journal =	 NI,
  year =	 2005,
  volume =	 {xx},
  pages =	 {xxx--xxx}
}

@Article{lun-etal:PK/PD,
  author =	 {D J Lunn and N Best and A Thomas and J Wakefield and
                  D Spiegelhalter},
  title =	 {Bayesian analysis of population {PK/PD} models:
                  {General} concepts and software},
  journal =	 JPP,
  year =	 2002,
  volume =	 29,
  number =	 3,
  pages =	 {271--307}
}

@Article{luo-etal:characterization,
  author =	 {F Luo and G Wu and Z Li and S-J Li},
  title =	 {Characterization of effects of mean arterial blood
                  pressure induced by cocaine and cocaine methiodide
                  on {BOLD} signals in rat brain},
  journal =	 MRM,
  year =	 2003,
  volume =	 49,
  number =	 2,
  pages =	 {264--270}
}

@Article{ma-etal:enhancing,
  author =	 {X Ma and Y M Kadah and S M LaConte and X Hu},
  title =	 {Enhancing measured diffusion anistropy in gray
                  matter by eliminating {CSF} contamination with
                  {FLAIR}},
  journal =	 MRM,
  year =	 2004,
  volume =	 51,
  pages =	 {423--427}
}

@Article{mac-whi:some,
  author =	 {J G MacKinnon and H L White},
  title =	 {Some heteroskedasticity consistent covariance matrix
                  estimators with improved finite sample properties},
  journal =	 {Journal of Econometrics},
  year =	 1985,
  volume =	 21,
  pages =	 {53--70}
}

@Article{mal-etal:automated,
  author =	 {Maldjian, J A and Laurienti, P J and Kraft, R A and
                  Burdette, J H},
  title =	 {An automated method for neuroanatomic and
                  cytoarchitectonic atlas-based interrogation of
                  {fMRI} data sets},
  journal =	 NI,
  year =	 2003,
  volume =	 19,
  number =	 3,
  pages =	 {1233-1239}
}

@Article{mal-etal:lumbar,
  author =	 {K L Malisza and P W Stroman and A Turner and L
                  Gregorash and T Foniok and A Wright},
  title =	 {Functional {MRI} of the rat lumbar spinal cord
                  involving painful stimulation and the effect of
                  peripheral joint mobilization},
  journal =	 JMRI,
  year =	 2003,
  volume =	 18,
  pages =	 {152--159}
}

@Article{mal-etal:painful,
  author =	 {K L Malisza and L Gregorash and A Turner and T
                  Foniok and P W Stroman and A-A Allman and R Summers
                  and A Wright},
  title =	 {Functional {MRI} involving painful stimulation of
                  the ankle and the effect of physiotherapy joint
                  mobilization},
  journal =	 MRI,
  year =	 2003,
  volume =	 21,
  pages =	 {489--496}
}

@Article{mal:rayleigh,
  author =	 {Mallik, R K},
  title =	 {On multivariate {Rayleigh} and exponential
                  distributions},
  journal =	 IEEETIT,
  year =	 2003,
  volume =	 49,
  number =	 6,
  pages =	 {1499--1515}
}

@Article{mam:bootstrap,
  author =	 {E Mammen},
  title =	 {Bootstrap and wild bootstrap for high dimensional
                  linear models},
  journal =	 AofS,
  year =	 1993,
  volume =	 21,
  number =	 1,
  pages =	 {255--285}
}

@Article{mar-etal:cocaine,
  author =	 {J J A Marota and J B Mandeville and R M Weisskoff
                  and M A Moskowitz and B R Rosen and B E Kosofsky},
  title =	 {Cocaine activation discriminates dopaminergic
                  projections by temporal reaponse: an {FMRI} study in
                  rat.},
  journal =	 NI,
  year =	 2000,
  volume =	 11,
  number =	 1,
  pages =	 {13--23}
}

@Article{mar-etal:reduction,
  author =	 {K M Martin and N G Papadakis and C L-H Huang and L D
                  Hall and T A Carpenter},
  title =	 {The reduction of the sorting bias in the eigenvalues
                  of the diffusion tensor},
  journal =	 MRI,
  year =	 1999,
  volume =	 17,
  number =	 6,
  pages =	 {893--901}
}

@Article{mar-rip:new,
  author =	 {J L Marchini and B D Ripley},
  title =	 {A New Statistical Approach to Detecting Significant
                  Activation in Functional {MRI}},
  journal =	 NI,
  year =	 2000,
  volume =	 12,
  pages =	 {366--380}
}

@Article{mar:directional,
  author =	 {K V Mardia},
  title =	 {Directional statistics and shape analysis},
  journal =	 JAppStat,
  year =	 1999,
  volume =	 26,
  number =	 8,
  pages =	 {949--957}
}

@Book{mat-pat-whi:ecosystem-models,
  editor =	 {J H Matis and B C Patten and G C White},
  title =	 {Compartmental Analysis of Ecosystem Models},
  publisher =	 {International Co-operative Publishing House},
  year =	 1979,
  volume =	 10,
  series =	 {Statistical Ecology Series},
  address =	 {Fairland, Maryland}
}

@InCollection{mat-weh:approach,
  author =	 {J H Matis and T E Wehrly},
  title =	 {An approach to a compartmental model with multiple
                  sources of stochasticity for modeling ecological
                  systems},
  booktitle =	 {Compartmental Analysis of Ecosystem Models},
  crossref =	 {mat-pat-whi:ecosystem-models},
  pages =	 {195--222}
}

@Article{max-etal:fGn,
  author =	 {V Maxim and L \c{S}endur and J Fadili and J Suckling
                  and R Gould and R Howard and E Bullmore},
  title =	 {Fractional {Gaussian} noise, functional {MRI} and
                  {Alzheimer's} disease},
  journal =	 NI,
  year =	 2005,
  volume =	 25,
  pages =	 {141--158}
}

@Article{mca-etal:autism,
  author =	 {G M McAlonan and V Cheung and C Cheung and J
                  Suckling and G Y Lam an dK S Tai and L Yip and D G M
                  Murphy and S E Chua},
  title =	 {Mapping the brain in autism. {A} voxel-based {MRI}
                  study of volumetric differences and inercorrelations
                  in autism},
  journal =	 {Brain},
  year =	 2005,
  volume =	 128,
  number =	 2,
  pages =	 {268--276}
}

@Article{mca-rot-mar:frequency,
  author =	 {McAuley, J H and Rothwell, J C and Marsden, C D},
  title =	 {Frequency peaks of tremor, muscle vibration and
                  electromyographic activity at {10~Hz}, {20~Hz} and
                  {40~Hz} during human finger muscle contraction may
                  reflect rhythmicities of central neural firing},
  journal =	 {Experimental Brain Research},
  year =	 1997,
  volume =	 114,
  pages =	 {525--541}
}

@Article{mcg-etal:dt-mri,
  author =	 {T {McGraw} and B C Vemuri and Y Chen and M Rao and T
                  Mareci},
  title =	 {{DT-MRI} denoising and neuronal fiber tracking},
  journal =	 MIA,
  year =	 2004,
  volume =	 8,
  pages =	 {95--111}
}

@Article{mci-etal:BOLD,
  author =	 {M. McIntyre and W. Richter and D. Morden and
                  A. Wennerberg and U. Frankenstein},
  title =	 {Blood oxygenation level dependent functional
                  magnetic resonance imaging},
  journal =	 CMR,
  year =	 2003,
  volume =	 {16A},
  number =	 1,
  pages =	 {5--15}
}

@Article{mck-etal:blind-separation,
  author =	 {M. J. McKeown and S. Makeig and G. G. Brown and
                  T.-P. Jung and S. S. Kinderman and A. J. Bell and
                  T. J. Sejnowski},
  title =	 {Analysis of {fMRI} data by blind separation into
                  independent spatial components},
  journal =	 HBM,
  year =	 1998,
  volume =	 6,
  number =	 3,
  pages =	 {160--188}
}

@Article{mck-sej:ica,
  author =	 {M. J. McKeown and T. J. Sejnowski},
  title =	 {Independent component analysis of {fMRI} data:
                  {Examining} the assumptions},
  journal =	 HBM,
  year =	 1998,
  volume =	 6,
  number =       {5-6},
  pages =	 {368--372}
}

@Article{mcs-etal:dynamical,
  author =	 {P. E. McSharry and G. D. Clifford and L. Tarassenko
                  and L. A. Smith},
  title =	 {A dynamical model for generating synthetic
                  electrocardiogram signals},
  journal =	 IEEETBE,
  year =	 2003,
  volume =	 50,
  number =	 3,
  pages =	 {289--294}
}

@Article{med-etal:semiquantitative,
  author =	 {M Medved and G Karczmar and C Yang and J Dignam and
                  T F Gajewski and H Kindler and E Vokes and P
                  MacEneany and M T Mitchell and W M Stadler},
  title =	 {Semiquantitative analysis of dynamic contrast
                  enhanced {MRI} in cancer patients: {Variability} and
                  changes in tumor tissue over time},
  journal =	 JMRI,
  year =	 2004,
  volume =	 20,
  pages =	 {122--128}
}

@Unpublished{mey-chi:event-related,
  author =	 {F G Meyer and J Chinrungrueng},
  title =	 {Analysis of event-related {fMRI} data using best
                  clustering bases},
  note =	 {Department of Electrical Engineering, University of
                  Colorado at Boulder},
  year =	 2002
}

@Article{mey-chi:spatiotemporal,
  author =	 {F G Meyer and J Chinrungrueng},
  title =	 {Spatiotemporal clustering of {fMRI} time series in
                  the spectral domain},
  journal =	 MIA,
  year =	 2005,
  volume =	 9,
  number =	 1,
  pages =	 {51--68}
}

@Article{mey:semi-parametric,
  author =	 {F G Meyer},
  title =	 {Wavelet based estimation of a semi parametric
                  generalized linear model of {fMRI} time-series},
  journal =	 IEEETMI,
  year =	 2003,
  volume =	 22,
  number =	 3,
  pages =	 {315--322}
}

@InProceedings{mik-etal:fisher,
  author =	 {S. Mika and G. R. R\"atsch and J. Weston and
                  R. Sch\"olkopf and K. R. M\"uller},
  title =	 {Fisher Discriminant Analysis with Kernels},
  booktitle =	 {IEEE Workshop on Neural Networks for Signal
                  Processing IX},
  year =	 1999,
  note =	 {to appear}
}

@Article{mit-pes:dynamic,
  author =	 {P. P. Mitra and B. Pesaran},
  title =	 {Analysis of dynamic brain imaging data},
  journal =	 {Biophysical Journal},
  year =	 1999,
  volume =	 76,
  pages =	 {691--708}
}

@Article{mol-etal:instantaneous,
  author =	 {E M\"oller and B Schack and M Arnold and H Witte},
  title =	 {Instantaneous multivariate {EEG} coherence analysis
                  by means of adaptive high-dimensional autoregressive
                  models},
  journal =	 JNM,
  year =	 2001,
  volume =	 105,
  pages =	 {143--158}
}

@Article{mol-etal:mointoring,
  author =	 {N Molko and S Pappata and J-F Mangin and F Poupon
                  and D LeBihan and M-G Bousser and H Chabriat},
  title =	 {Monitoring disease progression in {CADASIL} with
                  diffusion magnetic resonance imaging: {A} study with
                  whole brain histogram analysis},
  journal =	 {Stroke},
  year =	 2002,
  volume =	 33,
  pages =	 {2902--2908}
}

@Article{mol-etal:power,
  author =	 {P D Molyneux and D H Miller and M Filippi and T
                  Yousry and L Kappos and C Gasperini and H J Ad\`er
                  and F Barkhof},
  title =	 {The use of magnetic resonance imaging in multiple
                  sclerosis treatment trials: power calculations for
                  annual lesion load measurement},
  journal =	 JNeur,
  year =	 2000,
  volume =	 247,
  pages =	 {34--40}
}

@TechReport{mor-car:functional,
  author =	 {J S Morris and R J Carroll},
  title =	 {Wavelet-based functional mixed models},
  institution =	 {M.D. Anderson Cancer Center},
  year =	 2004
}

@Article{mor-zij:fiber-tracking,
  author =	 {S Mori and C M {van Zijl}},
  title =	 {Fiber tracking: principles and strategies -- a
                  technical review},
  journal =	 NMRB,
  year =	 2002,
  volume =	 15,
  number =	 {7-8},
  pages =	 {468--480}
}

@Article{mos-etal:explorative,
  author =	 {E Moser and R Baumgartner and M Barth and C
                  Windischberger},
  title =	 {Explorative signal processing in functional {MRI}
                  imaging},
  journal =	 IJIST,
  year =	 1999,
  volume =	 10,
  number =	 2,
  pages =	 {166--176}
}

@Article{mou-zeg:bootstrap,
  author =	 {L H Moulton and S L Zeger},
  title =	 {Bootstrapping generalized linear models},
  journal =	 CSDA,
  year =	 1991,
  volume =	 11,
  number =	 1,
  pages =	 {53--63}
}

@Article{mul-etal:multivariate,
  author =	 {Karsten M\"uller and Gabriele Lohmann and Volker
                  Bosch and D. Y. {von Cramon}},
  title =	 {On multivariate spectral analysis of {fMRI} time
                  series},
  journal =	 NI,
  year =	 2001,
  volume =	 14,
  number =	 2,
  pages =	 {347--356}
}

@Article{mul-etal:spectral,
  author =	 {Karsten M\"uller and Toralf Mildner and Gabriele
                  Lohmann and D. Y. {von Cramon}},
  title =	 {Investigating the Stimulus-Dependent Temporal
                  Dynamics of the {BOLD} Signal Using Spectral
                  Methods},
  journal =	 JMRI,
  year =	 2003,
  volume =	 17,
  number =	 3,
  pages =	 {375--382}
}

@Article{mul-etal:wavelet,
  author =	 {Karsten M\"{u}ller and Gabriele Lohmann and Stefan
                  Zysset and D. Yves {von Cramon}},
  title =	 {Wavelet statistics of functional {MRI} data and the
                  general linear model},
  journal =	 JMRI,
  year =	 2003,
  volume =	 17,
  number =	 1,
  pages =	 {20--30}
}

@Book{mur:math-bio,
  author =	 {J D Murray},
  title = 	 {Mathematical Biology},
  publisher = 	 {Springer-Verlag},
  year = 	 1993,
  volume =	 19,
  series =	 {Biomathematics Texts},
  address =	 {Berlin},
  edition =	 {2nd}
}

@Article{net-etal:delayed,
  author =	 {Netsiri, C and Bradley, D P and Takeda, T and Smith,
                  M I and Papadakis, N and Hall, L D and Parsons, A A
                  and James, M F and Huang, C L-H},
  title =	 {A delayed class of {BOLD} waveforms associated with
                  spreading depression in the feline cerebral cortex
                  can be detected and characterised using independent
                  component analysis {(ICA)}},
  journal =	 MRI,
  year =	 2003,
  volume =	 21,
  number =        9,
  pages =	 {1097--1110}
}

@Article{nic-etal:conjunction,
  author =	 {T Nichols and M Brett and J Andersson and T Wager
                  and J-B Poline},
  title =	 {Valid conjunction inference with the minimum
                  statistic},
  journal =	 NI,
  year =	 2005,
  volume =	 25,
  pages =	 {653--660}
}

@Article{nic-hay:controlling,
  author =	 {T Nichols and S Hayasaka},
  title =	 {Controlling the familywise error rate in functional
                  neuroimaging: a comparative review},
  journal =	 SMMR,
  year =	 2003,
  volume =	 12,
  number =	 5,
  pages =	 {419--446}
}

@Article{nic-hol:permutation,
  author =	 {T E Nichols and A P Holmes},
  title =	 {Nonparametric permutation tests for functional
                  neuroimaging: {A} primer with examples},
  journal =	 HBM,
  year =	 2001,
  volume =	 15,
  pages =	 {1--25}
}

@Unpublished{nic:visualizing,
  author =	 {T Nichols},
  title =	 {Visualizing variance with percent change threshold},
  note =	 {Department of Biostatistics, University of Michigan},
  year =	 2002
}

@Unpublished{nor-etal:wavedetect,
  author =	 {Norton, J D and Eswaran, H and Lowery, C L and
                  Wilson, J D and Murphy, P and Preissl, H},
  title =	 {A simple wavelet-based test for evoked response},
  note =	 {{\em Journal of Neuroscience Methods}, in press},
  year =	 2003
}

@Article{now-bar:photon,
  author =	 {R D Nowak and R G Baraniuk},
  title =	 {Wavelet-domain filtering for photon imaging systems},
  journal =	 IEEETIP,
  year =	 1999,
  volume =	 8,
  number =	 5,
  pages =	 {666--678}
}

@InProceedings{now-thu:restoration,
  author =	 {R D Nowak and M J Thul},
  title =	 {Wavelet-vaguelette restoration in photon-limited
                  imaging},
  booktitle =	 {Proceedings of the IEEE International Conference on
                  Acoustics, Speech, and Signal Processing},
  year =	 1998
}

@Article{now:rician,
  author =	 {R D Nowak},
  title =	 {Wavelet-based {R}ician noise removal for magnetic
                  resonance imaging},
  journal =	 IEEETIP,
  year =	 1999,
  volume =	 8,
  number =	 10,
  pages =	 {1408--1419}
}

@InProceedings{oco-etal:advanced,
  author =	 {E L O'Connor and N Fieller and A Holmes and J
                  Waterton},
  title =	 {How to analyse dynamic {M}{R}{I} in oncology: advanced
                  histogram analysis gives better statistical power \&
                  insight than simple averaging},
  booktitle =	 {Proceedings of the 13th Annual Meeting of ISMRM},
  pages =	 2101,
  year =	 2005,
  address =	 {Miami Beach}
}

@Unpublished{ogd-tar:compartment,
  author =	 {R Todd Ogden and Thaddeus Tarpey},
  title =	 {On estimation in compartment modeling with an input
                  function},
  note =	 {Department of Biostatistics, Columbia University},
  year =	 2002
}

@InProceedings{ogo-jon:buckle,
  author =	 {R L O'Gorman and D K Jones},
  title =	 {How many bootstraps make a buckle?},
  booktitle =	 {Proceedings of the 13th Annual Meeting of ISMRM},
  pages =	 225,
  year =	 2005,
  address =	 {Miami Beach}
}

@Unpublished{ogd:kinetic,
  author =	 {R Todd Ogden},
  title =	 {On estimation of kinetic parameters in graphical
                  analysis of {PET} imaging data},
  note =	 {Department of Biostatistics, Columbia University},
  year =	 2003
}

@Book{oks:SDEs,
  author =	 {B. {\O}ksendal},
  title =	 {Stochastic Differential Equations: An Introduction
                  with Applications},
  publisher =	 {Springer-Verlag},
  year =	 2003,
  address =	 {Berlin},
  edition =	 {6th}
}

@Article{oku-etal:subtle,
  author =	 {G Okugawa and K Nobuhara and T Minami and C Tamagaki
                  and K Takase and T Sugimoto and S Sawada and T
                  Kinoshita},
  title =	 {Subtle disruption of the middle cerebellar peduncles
                  in patients with schizophrenia},
  journal =	 NPB,
  year =	 2004,
  key =		 50,
  number =	 {119--123}
}

@InProceedings{oll-etal:ismrm05,
  author =	 {J M Ollinger and J Kim and S C Johnson and A L
                  Alexander},
  title =	 {Multivariate analysis of diffusion tensor data using
                  the {Hotelling} {T2} statistic},
  booktitle =	 {Proceedings of the 13th Annual Meeting of ISMRM},
  pages =	 1324,
  year =	 2005,
  address =	 {Miami Beach}
}

@Article{orc-etal:simultaneous,
  author =	 {J Orchard and C Greif and G H Golub and B Bjornson
                  and M S Atkins},
  title =	 {Simultaneous registration and activation detection
                  for {fMRI}},
  journal =	 IEEETMI,
  year =	 2003,
  volume =	 22,
  number =	 11,
  pages =	 {1427--1435}
}

@Article{oza-mar:generalized,
  author =	 {E \"{O}zarslan and T H Mareci},
  title =	 {Generalized diffusion tensor imaging and analytical
                  relationships between diffusion tensor imaging and
                  high angular diffusion imaging},
  journal =	 MRM,
  year =	 2003,
  volume =	 50,
  number =	 5,
  pages =	 {955--965}
}

@Article{oza-vem-mar:scalar,
  author =	 {E \"{O}zarslan and T H Mareci},
  title =	 {Generalized scalar measures for diffusion {MRI}
                  using trace, vairance, and entropy},
  journal =	 MRM,
  year =	 2005,
  volume =	 53,
  number =	 4,
  pages =	 {866--876}
}

@Article{pad-ahs-mak:detection,
  author =	 {A R Padhani and M-L Ah-See and A Makris},
  title =	 {{MRI} in the detection and management of breast
                  cancer},
  journal =	 {Expert Reviews in Anticancer Therapy},
  year =	 2005,
  volume =	 5,
  number =	 2,
  pages =	 {239--252}
}

@Article{pad:DCE-MRI,
  author =	 {A R Padhani},
  title =	 {Dynamic contrast-enhanced {MRI} in clinical
                  oncology: {Current} status and future directions},
  journal =	 JMRI,
  year =	 2002,
  volume =	 16,
  pages =	 {407-422}
}

@Article{pad:functional,
  author =	 {A R Padhani},
  title =	 {Functional {MRI} for anticancer therapy assessment},
  journal =	 {European Journal of Cancer},
  year =	 2002,
  volume =	 38,
  pages =	 {2116--2127}
}

@Article{paj-ald-bas:continuous,
  author =	 {S Pajevic and A Aldroubi and P J Basser},
  title =	 {A continuous tensor field approximation of discrete
                  {DT-MRI} data for extracting micorstructural and
                  architectural features of tissue},
  journal =	 JMR,
  year =	 2002,
  volume =	 154,
  pages =	 {85--100}
}

@Article{paj-bas:parametric,
  author =	 {S Pajevic and P J Basser},
  title =	 {Parametric and non-parametric statistical approaches
                  in diffusion tensor magnetic resonance imaging},
  journal =	 JMR,
  year =	 2003,
  volume =	 161,
  pages =	 {1--14}
}

@Article{paj-pie:color,
  author =	 {S Pajevic and C Pierpaoli},
  title =	 {Color schemes to represent fiber orientation of
                  anisotropic tissues from diffusion tensor data:
                  application to white matter fiber tract mapping in
                  the human brain},
  journal =	 MRM,
  year =	 1999,
  volume =	 42,
  pages =	 {526--540}
}

@InProceedings{pan-etal:multilevel,
  author =	 {H Pan and Q Chen and E Stern and D A Silbersweig},
  title =	 {Multilevel mixed-effects models for nested factors
                  in {fMRI}},
  booktitle =	 {Presented at the 9th International Conference on
                  Functional Mapping of the Human Brain, June 19-22,
                  2003, New York, NY},
  year =	 2003,
  note =	 {Available on CD-Rom in NeuroImage, Vol. 19, No. 2}
}


@InCollection{par-buc:tracer,
  author = 	 {G J M Parker and D L Buckley},
  title = 	 {Tracer kinetic modelling for {$T_1$}-weighted {DCE-MRI}},
  booktitle = 	 {Dynamic Contrast-Enhanced Magnetic Resonance Imaging
                  in Oncology},
  crossref =	 {jac-buc-par:dce-mri},
  pages =	 {81--92}
}

@InCollection{par-pad:DCE-MRI,
  author =	 {G J M Parker and A R Padhani},
  title =	 {{$T_1$-w} {DCE-MRI}: {$T_1$-weighted} Dynamic
                  Contrast-enhanced {MRI}},
  booktitle =	 {Quantitative MRI of the Brain},
  crossref =	 {tof:book},
  pages =	 {341--364},
  chapter =	 10
}

@Article{par-etal:mriw,
  author =	 {Parker, GJ and Suckling, J and Tanner, SF and
                  Padhani, AR and Husband, JE and Leach, MO},
  title =	 {{MRIW: parametric analysis software for
                  contrast-enhanced dynamic MR imaging in cancer}},
  journal =	 {Radiographics},
  volume =	 18,
  number =	 2,
  pages =	 {497-506},
  year =	 1998,
}

@Article{pap-van:ornstein,
  author =	 {Gyula Pap and Martien C. A. {van Zuijlen}},
  title =	 {Parameter estimation with exact distribution for
                  multidimensional {Ornstein-Uhlenbeck} processes},
  journal =	 {Journal of Multivariate Analysis},
  year =	 1996,
  volume =	 59,
  number =	 2,
  pages =	 {153--165},
}

@Article{par-etal:asymmetries,
  author =	 {H-J Park and C-F Westin and M Kubicki and S E Maier
                  and M Niznikiewicz and A Baer and M Frumin and R
                  Kikinis an dF A Jolesz and R W McCarley and M E
                  Shenton},
  title =	 {White matter hemisphere asymmetries in healty
                  subjects and in schizophrenia: a diffusion tensor
                  {MRI} study},
  journal =	 NI,
  year =	 2004,
  volume =	 23,
  pages =	 {213--223}
}

@Article{pen-fri:mixtures,
  author =	 {Penny, W. and Friston, K.},
  title =	 {Mixtures of general linear models for functional
                  neuroimaging},
  journal =	 IEEETMI,
  year =	 2003,
  volume =	 22,
  number =	 4,
  pages =	 {504--514}
}

@Article{per-etal:evaluation,
  author =	 {J. Perki{\"o} and H. J. Aronen and A. Kangasm{\"a}ki
                  and Y. Liu and J. Karonen and S. Savolainen and
                  L. {\O}stergaard},
  title =	 {Evaluation of four postprocessing methods for
                  determination of cerebral blood volume and mean
                  transit time by dynamic susceptibility contrast
                  images},
  journal =	 MRM,
  year =	 2002,
  volume =	 47,
  number =	 5,
  pages =	 {973--981}
}

@Article{pes-etal:temporal,
  author =	 {Pesaran, B and Pezaris, J S and Sahani, M and Mitra,
                  P P and Andersen, R A},
  title =	 {Temporal structure in neuronal activity during
                  working memory in macaque parietal cortex},
  journal =	 {Nature Neuroscience},
  year =	 2002,
  volume =	 5,
  pages =	 {805-811}
}

@Article{pet-etal:statistical1,
  author =	 {K M Petersson and T E Nichols and J-B Poline and A P
                  Holmes},
  title =	 {Statistical limitations in functional neuroimaging
                  {I}: {N}on-inferential methods and statistical
                  models},
  journal =	 PTRSLA,
  year =	 1999,
  volume =	 354,
  pages =	 {1239--1260}
}

@Article{pet-etal:statistical2,
  author =	 {K M Petersson and T E Nichols and J-B Poline and A P
                  Holmes},
  title =	 {Statistical limitations in functional neuroimaging
                  {II}: {S}ignal detection and statistical inference},
  journal =	 PTRSLA,
  year =	 1999,
  volume =	 354,
  pages =	 {1261--1281}
}

@Article{pfe-ada-sul:replicability,
  author =	 {A Pfefferbaum and E Adalsteinsson and E V Sullivan},
  title =	 {Replicability of diffusion tensor imaging
                  measurements of fractional anisotropy and trace in
                  brain},
  journal =	 JMRI,
  year =	 2003,
  volume =	 18,
  pages =	 {427--433}
}

@Article{pfe-sul:disruption,
  author =	 {A Pfefferbaum and E V Sullivan},
  title =	 {Disruption of brain white matter microstructure by
                  excessive intracellular and extracellular fluid in
                  alcoholism: {Evidence} from diffusion tensor
                  imaging},
  journal =	 {Neuropsychopharmacology},
  year =	 2005,
  volume =	 30,
  pages =	 {423--432}
}

@Article{pfu-and:event-related,
  author =	 {G Pfurtscheller and C Andrew},
  title =	 {Event-related changes of band power and coherence:
                  {Methodology} and interpretation},
  journal =	 JCN,
  year =	 1999,
  volume =	 16,
  number =	 6,
  pages =	 {512--519}
}

@Article{pfu-das:event-related,
  author =	 {Pfurtscheller, G and {da Silva}, F H Lopes},
  title =	 {Event-related {EEG/MEG} synchronization and
                  desynchronization: {Basic} principles},
  journal =	 CN,
  year =	 1999,
  volume =	 110,
  pages =	 {1842--1857}
}

@Article{pfu-lop:review,
  author =	 {G Pfurtscheller and F H {Lopes da Silva}},
  title =	 {Event-related {EEG/MEG} synchronization and
                  desynchronization: basic principles},
  journal =	 CN,
  year =	 1999,
  volume =	 110,
  pages =	 {1842--1857}
}

@Article{phi-ham:improved,
  author =	 {A. J. Phillips and P. A. Hamilton},
  title =	 {Improved detection limits in {F}ourier transform
                  spectroscopy from a maximum entropy approach to
                  baseline estimation},
  journal =	 AC,
  year =	 1996,
  volume =	 68,
  number =	 22,
  pages =	 {4020--4025}
}

@Article{pie-bas:toward,
  author =	 {C Pierpaoli and P Basser},
  title =	 {Toward a quantitative assessment of diffusion
                  anisotropy},
  journal =	 MRM,
  year =	 1996,
  volume =	 36,
  pages =	 {893--906}
}

@Article{pie-etal:water,
  author =	 {C Pierpaoli and A Barnett and S Pajevic and R Bhen
                  and L Penix and A Virta and P Basser},
  title =	 {Water diffusion changes in {Wallerian} degeneration
                  and their dependence on white matter architecture},
  journal =	 NI,
  year =	 2001,
  volume =	 13,
  pages =	 {1174--1185}
}

@Article{pol-rom:random-fields,
  author =	 {D N Politis and J P Romano},
  title =	 {Nonparametric resampling for homogenous strong
                  mixing random fields},
  journal =	 JMA,
  year =	 1993,
  volume =	 47,
  number =	 2,
  pages =	 {301--328}
}

@Article{poo-zho:analytical,
  author =	 {A H Poonawalla and X J Zhou},
  title =	 {Analytical error propogation in diffusion anisotropy
                  calculations},
  journal =	 JMRI,
  year =	 2004,
  volume =	 19,
  pages =	 {489--498}
}

@Article{pre-etal:detection,
  author =	 {M Preece and B Mukherjee and C L-H Huang and L D
                  Hall and R A Leslie and M F James},
  title =	 {Detection of pharmacologically mediated changes in
                  cerebral activity by functional magnetic resonance
                  imaging: {The} effects of sulpiride in the brain of
                  the anaesthetised rat},
  journal =	 BR,
  year =	 2001,
  volume =	 916,
  pages =	 {107--114}
}

@Article{pri-etal:vbm,
  author =	 {S Price and D Paviour and R Scahill and J Stevens
                  and M Rossor and A Lees and N Fox},
  title =	 {Voxel-based mophometry detects patterns of atropy
                  that help differentiate progressive supranuclear
                  palsy and {Parkinson's} disease},
  journal =	 NI,
  year =	 2004,
  volume =	 23,
  number =	 {663--669}
}

@Article{pur-etal:locally,
  author =	 {P. L. Purdon and V. Solo and R. M. Weisskoff and
                  E. N. Brown},
  title =	 {Locally regularized spatiotemporal modeling and
                  model comparison for function {MRI}},
  journal =	 NI,
  year =	 2001,
  volume =	 14,
  pages =	 {912--923}
}

@Article{pur-wei:effect,
  author =	 {P. L. Purdon and R. M. Weisskoff},
  title =	 {Effect of temporal autocorrelation due to
                  physiological noise and stimulus paradigm on
                  voxel-level false-positive rates in {fMRI}},
  journal =	 HBM,
  year =	 1998,
  volume =	 6,
  pages =	 {239--249}
}

@Article{rab-bul-bra:analysis,
  author =	 {S. {Rabe-Hesketh} and E. T. Bullmore and
                  M. J. Brammer},
  title =	 {The analysis of functional magnetic resonance
                  images},
  journal =	 SMMR,
  year =	 1997,
  volume =	 6,
  pages =	 {215--237}
}

 
@Article{rag-etal:whole-brain,
  author =	 {A B Ragina and P Storeya and B A Cohen and L G
                  Epstein and R R Edelmana},
  title =	 {Whole brain diffusion tensor imaging in
                  {HIV-associated} cognitive impairment},
  journal =	 AJNR,
  year =	 2004,
  volume =	 25,
  pages =	 {195--200}
}

@Article{rah:multivariate,
  author =	 {J Rahnenf\"hrer},
  title =	 {Multivariate permutation tests for the $k$-sample
                  problem with clustered data},
  journal =	 CS,
  year =	 2002,
  volume =	 17,
  number =	 2,
  pages =	 {165--184}
}

@Article{ras-etal:diffusion,
  author =	 {Rashid, W and Hadjiprocopis, A and Griffin, C M and
                  Chard, D T and Davies, G R and Barker, G J and
                  Tofts, P S and Thompson, A J and Miller, D H},
  title =	 {Diffusion tensor imaging of early
                  relapsing-remitting multiple sclerosis with
                  histogram analysis using automated segmentation and
                  brain volume correction},
  journal =	 {Multiple Sclerosis},
  year =	 2004,
  volume =	 10,
  number =	 1,
  pages =	 {9--15}
}

@Article{raz-dic-tur:evoked-potentials,
  author =	 {J. Raz and L. Dickerson and B. Turetsky},
  title =	 {A wavelet packet model of evoked potentials},
  journal =	 {Brain and Language},
  year =	 1999,
  volume =	 66,
  number =	 1,
  pages =	 {61--88}
}

@Article{ree-etal:regional,
  author =	 {T. Reese and B. Bjelke and R. Porszasz and
                  D. Bochelen and A. Sauter and M. Rudin},
  title =	 {Regional brain activation by bicuculline visualized
                  by functional magnetic resonance
                  imaging. {T}ime-resolved assessment of
                  bicuculline-induced changes in local cerebral blood
                  volume using an introvascular contrast agent},
  journal =	 NMRB,
  year =	 2000,
  volume =	 13,
  pages =	 {43--49}
}

@Book{rip:prnn,
  author =	 {B. Ripley},
  title =	 {Pattern Recognition and Neural Networks},
  publisher =	 {Cambridge University Press},
  year =	 1996,
  address =	 {Cambridge, England}
}

@Article{rob-rou-cho:hierarchy,
  author =	 {S Roberts and E Roussos and R Choudrey},
  title =	 {Hierarchy, priors and wavelets: structure adn signal
                  modelling using {ICA}},
  journal =	 SP,
  year =	 2004,
  volume =	 84,
  number =	 2,
  pages =	 {283--297}
}

@Article{roe-for-goe:mapping,
  author =	 {A Roebroeck and E Formisano and R Goebel},
  title =	 {Mapping directed influence over the brain using
                  {Granger} causality and {fMRI}},
  journal =	 NI,
  year =	 2005,
  volume =	 {??},
  pages =	 {???--???}
}

@Article{ron-ugu-kim:correlate,
  author =	 {I Ronen and K Ugurbil and D-S Kim},
  title =	 {How does {DWI} correlate with white matter
                  structures?},
  journal =	 MRM,
  year =	 2005,
  volume =	 54,
  pages =	 {317--323}
}

@Article{ros-etal:Fourier,
  author =	 {J R Rosenberg and A M Amjad and P Breeze and D R
                  Brillinger and D M Halliday},
  title =	 {The {Fourier} approach to the identification of
                  functional coupling between neuronal spike trains},
  journal =	 {Progress in Biophysics and Molecular Biology},
  year =	 1989,
  volume =	 53,
  pages =	 {1--31}
}

@Article{ros-etal:identification,
  author =	 {J R Rosenberg and D M Halliday and P Breeze and B A
                  Conway},
  title =	 {Identification of patters of neuronal connectivity
                  -- partial spectra, partial coherence, and neuronal
                  interactions},
  journal =	 JNM,
  year =	 1998,
  volume =	 83,
  pages =	 {57--72}
}

@Article{ros-etal:improving,
  author =	 {S E Rose and A L Janke and M Griffin and M W
                  Strudwick and S Finnigan and J Semple and J B Chalk},
  title =	 {Improving the predictions of final infarct size in
                  acute stroke with bolus delay-corrected perfusion
                  {MRI} measures},
  journal =	 JMRI,
  year =	 2004,
  volume =	 20,
  pages =	 {941--947}
}

@Article{ros-etal:perfusion,
  author =	 {Rosen, B R and Belliveau, J W and Vevea, J M and
                  Brady, T J},
  title =	 {Perfusion imaging with {NMR} contrast agents},
  journal =	 MRM,
  year =	 1990,
  volume =	 14,
  pages =	 {249--265}
}

@Article{row-log:complex,
  author =	 {D B Rowe and B R Logan},
  title =	 {A complex way to compute {fMRI} activation},
  journal =	 NI,
  year =	 2004,
  volume =	 23,
  pages =	 {???--???}
}

@Article{ruc-etal:subtraction,
  author =	 {A. F. Ruckstuhl and M. P. Jacobson and R. W. Field
                  and J. A. Dodd},
  title =	 {Baseline subtraction using robust local regression
                  estimation},
  journal =	 JQSRT,
  year =	 2001,
  volume =	 68,
  pages =	 {179--193}
}

@Article{rud-etal:parenchymal,
  author =	 {R A Rudick and E Fisher and J-C Lee and J Simon and
                  L Jacobs},
  title =	 {Use of the brain parenchymal fraction to measure
                  whole brain atrophy in relapsing-remitting {MR}},
  journal =	 {Neurology},
  year =	 1999,
  volume =	 53,
  pages =	 {1698--1704}
}

@Article{rue-hur:object,
  author =	 {H Rue and M Hurn},
  title =	 {Bayesian object identification},
  journal =	 BKA,
  year =	 1999,
  volume =	 86,
  number =	 3,
  pages =	 {649--660}
}

@Article{rup-etal:representation,
  author =	 {A Rupp and S Uppenkamp and A Gutshalk and R Beucker
                  and R D Patterson and T Dau and M Scherg},
  title =	 {The representation of peripheral neural activity in
                  the middle-latency evoked field of primary auditory
                  cortex in humans},
  journal =	 HR,
  year =	 2002,
  volume =	 174,
  pages =	 {19--31}
}

@Article{rut-etal:statistical,
  author =	 {U E Ruttimann and M Unser and R R Rawlings and D Rio
                  and N F Ramsey and V S Mattay and D W Hommer and J A
                  Frank and D R Weinberger},
  title =	 {Statistical analysis of functional {MRI} data in the
                  wavelet domain},
  journal =	 IEEETMI,
  year =	 1998,
  volume =	 17,
  number =	 2,
  pages =	 {142--154}
}

@Article{sal-etal:architecture,
  author =	 {R Salvador and J Suckling and M R Coleman and J D
                  Pickard and D Menon and E Bullmore},
  title =	 {Neurophysiological architecture of functional
                  magnetic resonance images of human brain},
  journal =	 {Cerebral Cortex},
  year =	 2005,
  note =	 {doi:10.1093/cercor/bhi016}
}

@Article{sal-etal:electrophysiological,
  author =	 {B Saltzberg and W D Burton and N R Burch and J
                  Fletcher and R Michaels},
  title =	 {Electrophysiological measures of regional neural
                  interactive coupling. Linear adn non-linear
                  dependence relationships among multiple channel
                  electroencephalographic recordings},
  journal =	 {International Journal of Bio-Medical Computing},
  year =	 1986,
  volume =	 18,
  pages =	 {77--87}
}

@Article{sal-etal:formal,
  author =	 {R Salvador and A Pe{\~n}a and D K Menon and T A
                  Carpenter and J D Pickard and E T Bullmore},
  title =	 {Formal characterization and extension of the
                  linearized diffusion tensor model},
  journal =	 HBM,
  year =	 2005,
  volume =	 24,
  pages =	 {144--155}
}

@Article{sam-pet:peak-preserving,
  author =	 {M Samonas and M Petrou},
  title =	 {A peak preserving algorithm for the removal of
                  colored noise from signals},
  journal =	 IEEETSP,
  year =	 2002,
  volume =	 50,
  number =	 11,
  pages =	 {2683--2694}
}

@InProceedings{sch-etal:miccai05,
  author =	 {Schmid, V and B Whitcher and G Z Yang and N J Taylor
                  and A R Padhani},
  title =	 {Statistical analysis of pharmacokinetic models in
                  dynamic contrast-enhanced magnetic resonance
                  imaging},
  booktitle =	 {Proceedings of Medical Image Computing and
                  Computer-Assisted Intervention -- MICCAI~2005},
  pages =	 {????},
  year =	 2005
}

@InProceedings{sch-etal:spatial-temporal,
  author =	 {D M Schmidt and J S George and D M Ranken and C C
                  Wood},
  title =	 {Spatial-temporal {B}ayesian inference for
                  {MEG}/{EEG}},
  booktitle =	 {12th International Conference on Biomagnetism},
  year =	 2000
}

@Article{sch-dou-tay:cross-subject,
  author =	 {A Schwartzman and R F Dougherty and J E Taylor},
  title =	 {Cross-subject comparison of principal diffusion
                  direction maps},
  journal =	 MRM,
  year =	 2005,
  volume =	 53,
  number =	 6,
  pages =	 {1423--1431}
}

@TechReport{sch:introduction,
  author =	 {M Schlather},
  title =	 {Introduction to positive definite functions and
                  unconditional simulation of random fields},
  institution =	 {Department of Mathematics, Lancaster University},
  year =	 1999,
  number =	 {ST-99-10}
}

@Article{sch:multivalued,
  author =	 {P Scheunders},
  title =	 {Wavelet thresholding of multivalued images},
  journal =	 IEEEETIP,
  year =	 2004,
  volume =	 13,
  number =	 4,
  pages =	 {475--483}
}

@Article{sen-etal:ieee,
  author =	 {L {\c{S}endur} and V Maxim and B Whitcher and E
                  Bullmore},
  title =	 {Multiple Hypothesis Mapping of Functional {MRI} Data
                  in Complex and Orthogonal Wavelet Domains},
  journal =	 IEEETSP,
  year =	 2005,
  volume =	 53,
  number =	 9,
  pages =	 {3413--3426}
}

@InProceedings{sen-etal:ismrm05,
  author =	 {L {\c{S}endur} and V Maxim and B Whitcher and E
                  Bullmore},
  title =	 {Wavelet methods for enhanced false discovery rate
                  control in functional brain mapping},
  booktitle =	 {Proceedings of the 13th Annual Meeting of ISMRM},
  pages =	 695,
  year =	 2005,
  address =	 {Miami Beach}
}

@Article{she-etal:amygdala,
  author =	 {Y I Sheline and D M Barch and J M Donnelly and J M
                  Ollinger and A Z Snyder and M A Mintun},
  title =	 {Increased amygdala response to masked emotional
                  faces in depressed subjects resolves with
                  antidepressant treatment: {A}n {fMRI} study},
  journal =	 BP,
  year =	 2001,
  volume =	 50,
  number =	 9,
  pages =	 {651--658}
}

@Article{she-hua-cre:nonparametric,
  author =	 {X. Shen and H.-C. Huang and N. Cressie},
  title =	 {Nonparametric hypothesis testing for a spatial
                  signal},
  journal =	 JASA,
  year =	 2002,
  volume =	 97,
  number =	 460,
  pages =	 {1122--1140}
}

@Article{she-zha:prolate,
  author =	 {Larry Shepp and Cun-Hui Zhang},
  title =	 {Fast functional magnetic resonance imaging via
                  prolate wavelets},
  journal =	 ACHA,
  year =	 2000,
  volume =	 9,
  pages =	 {99-119}
}

@Article{sid:rectangles,
  author =	 {Z. {\v{S}id\'ak}},
  title =	 {On multivariate {Normal} probabilities of
                  rectangles: {Their} dependence on correlations},
  journal =	 AMS,
  year =	 1968,
  volume =	 39,
  pages =	 {1425--1434}
}

@Article{sij-dek:mle,
  author =	 {J Sijbers and A J {den Dekker}},
  title =	 {Maximum likelihood estimation of signal amplitude
                  and noise variance from {MR} data},
  journal =	 MRM,
  year =	 2004,
  volume =	 51,
  pages =	 {586--594}
}

@Article{sij-etal:adaptive,
  author =	 {J. Sijbers and A. J. {den Dekker} and A. {Van der
                  Linden} and M. Verhoye and D. {van Dyck}},
  title =	 {Adaptive anisotropic noise filtering for magnitude
                  {MR} data},
  journal =	 MRI,
  year =	 1999,
  volume =	 17,
  number =	 10,
  pages =	 {1533--1539}
}

@Article{sij-etal:magnitude,
  author =	 {J. Sijbers and A. J. {den Dekker} and E. Ramman and
                  D. {van Dyck}},
  title =	 {Parameter estimation from magnitude {MR} images},
  journal =	 IJIST,
  year =	 1999,
  volume =	 10,
  number =	 2,
  pages =	 {109--114}
}

@Article{ska-etal:condition,
  author =	 {S Skare and M Hedehus and M E Moseley and T-Q Li},
  title =	 {Condition number as a measure of noise performance
                  of diffusion tensor data acquisition schemes with
                  {MRI}},
  journal =	 JMR,
  year =	 2000,
  volume =	 147,
  pages =	 {340--352}
}

@Article{ska-etal:noise,
  author =	 {S Skare and T-Q Li and B Nordell and M Ingvar},
  title =	 {Noise considerations in the determination of
                  diffusion tensor anisotropy},
  journal =	 MRI,
  year =	 2000,
  volume =	 18,
  pages =	 {659--669}
}

@Article{smi-etal:variability,
  author =	 {S M Smith and C F Beckmann and N Ramnani and M W
                  Woolrich and P R Bannister and M Jenkinson and P M
                  Matthews and D J McGonigle},
  title =	 {Variability in {fMRI}: {A} re-examination of
                  inter-session differences},
  journal =	 HBM,
  year =	 2005,
  volume =	 24,
  pages =	 {248--257}
}

@Article{soh-you-mau:representation,
  author =	 {B J Soher and K Young and A A Maudesley},
  title =	 {Representation of strong baseline contributions in
                  $^1${H} {MR} spectra},
  journal =	 MRM,
  year =	 2001,
  volume =	 45,
  pages =	 {966--972}
}

@Article{sol-etal:signal-estimation,
  author =	 {V. Solo and P. Purdon and E. Brown and R. Weisskoff},
  title =	 {A signal estimation approach to functional {MRI}},
  journal =	 IEEETMI,
  year =	 2001,
  volume =	 20,
  number =	 1,
  pages =	 {26--35}
}

@Unpublished{sol-hos-ard:detection,
  author =	 {Hamid {Soltanian-Zadeh} and Gholam-Ali
                  {Hossein-Zadeh} and Babak A. Ardekani},
  title =	 {fMRI activation detection in wavelet signal
                  subspace},
  note =	 {Radiology Department, Henry Ford Hospital}
}

@Article{sri-liu-gre:universal,
  author =	 {A Srivastava and X Liu and U Grenander},
  title =	 {Universal analytical forms for modeling image
                  probabilities},
  journal =	 IEEETPAMI,
  year =	 2002,
  volume =	 24,
  number =	 9,
  pages =	 {1200--1214}
}

@Article{sta-nan-cor:sharpening,
  author =	 {L Stanberry and R Nandy and D Cordes},
  title =	 {Cluster analysis of {fMRI} data using dendogram
                  sharpening},
  journal =	 HBM,
  year =	 2003,
  volume =	 20,
  pages =	 {201--219}
}

@Article{stj-lin-gou:maxima,
  author =	 {P {St-Jean} and J-M Lina and B Goulard},
  title =	 {Maxima of the continuous wavelet transform of
                  correlated data},
  journal =	 ACHA,
  year =	 2003,
  volume =	 15,
  pages =	 {1--17}
}

@Article{sto:direct,
  author =	 {Storey, J D},
  title =	 {A direct approach to false discovery rates},
  journal =	 JRSSB,
  year =	 2002,
  volume =	 64,
  number =	 3,
  pages =	 {479--498}
}

@Article{suc-bul:permutation,
  author =	 {J Suckling and E Bullmore},
  title =	 {Permutation tests for factorially designed
                  neuroimaging experiments},
  journal =	 HBM,
  year =	 2004,
  volume =	 22,
  number =	 3,
  pages =	 {193--205}
}

@Article{sug-jam:finding,
  author =	 {C A Sugar and G M James},
  title =	 {Finding the number of clusters in a data set: {An}
                  information theoretic approach},
  year =	 2003,
  journal =      JASA,
  volume =       98,
  pages =        {750--763}
}

@Article{sze-riz:new-test,
  author =	 {G J Sz\'ekely and M L Rizzo},
  title =	 {A new test for multivariate normality},
  journal =	 JMA,
  year =	 2005,
  volume =	 93,
  pages =	 {58--80}
}

@Article{sze-etal:sex,
  author =	 {P R Szeszko and J Vogel and M Ashtari and A K
                  Malhotra and J Bates and J M Kane and R M Bilder and
                  T Frevert and K Lim},
  title =	 {Sex differences in frontal lobe white matter
                  microstructure: a {DTI} study},
  journal =	 NR,
  year =	 2003,
  volume =	 14,
  number =	 {18-19},
  pages =	 {2469--2473}
}

@Unpublished{tar-pet-ogd,
  author =	 {Thaddeus Tarpey and Eva Petkova and R. Todd Ogden},
  title =	 {Clustering of functional data for profiling placebo
                  responders},
  note =	 {Department of Biostatistics, Columbia University},
  year =	 2002
}

@Article{tay-etal:diffusion,
  author =	 {W D Taylor and E Hsu and K R R Krishnan and J R
                  {MacFall}},
  title =	 {Diffutions tensor imaging: {Background}, potential,
                  and utility in psychiatric research},
  journal =	 BP,
  year =	 2004,
  volume =	 55,
  pages =	 {201--207}
}

@Article{ter-bre:improved,
  author =	 {J. R. Terry and M. Breakspear},
  title =	 {An improved algorithm for the detection of dynamical
                  interdependence in bivariate time series},
  journal =	 BC,
  year =	 2003,
  volume =	 88,
  pages =	 {129--136}
}

@Article{tha:tomographic,
  author =	 {R W Thatcher},
  title =	 {Tomographic
                  Electroencephalography/Magnetoencephalography:
                  {Dynamics} of Human Neural Network Switching},
  journal =	 {American Society of Neuroimaging},
  year =	 1995,
  volume =	 5,
  number =	 1,
  pages =	 {35--45}
}

@Article{the-etal:RECIST,
  author =	 {P Therasse and S G Arbuck and E A Eidenhauer and J
                  Wanders and R S Kaplan and L Rubinstein and J
                  Verweij and M {Van Glabbeke} and A T {van Oosterom}
                  and M C Christian and S G Gwyther},
  title =	 {New guidelines to evaluate the response to treatment
                  in solid tumors},
  journal =	 JNCI,
  year =	 2000,
  volume =	 92,
  number =	 3,
  pages =	 {205--216}
}

@Article{tim-etal:hyperspectral,
  author =	 {J A Timlin and D M Haaland and M B Sinclair and A D
                  Aragon and M J Martinez and M Werner-Washburne},
  title =	 {Hyperspectral microarray scanning: impact on the
                  accuracy and reliability of gene expression data},
  journal =	 {BMC Genomics},
  year =	 2005,
  volume =	 6,
  note =	 {doi:10.1186/147-2164-6-72}
}

@InCollection{tiw:modeling,
  author =	 {J L Tiwari},
  title =	 {A modeling approach based on stochastic differential
                  equations, the principle of maximum-entropy, and
                  {Bayesian} inference for parameters},
  booktitle =	 {Compartmental Analysis of Ecosystem Models},
  crossref =	 {mat-pat-whi:ecosystem-models},
  pages =	 {167--194}
}


@Article{tof-etal:estimating,
  author =	 {P S Tofts and G Brix and D L Buckley and J L
                  Evelhoch and E Henderson and M V Knopp and H B W
                  Larsson and T-Y Lee and N A Mayr and G J M Parker
                  and R E Port and J Taylor and R Weiskoff},
  title =	 {Estimating kinetic parameters from dynamic
                  contrast-enhanced {T$_1$}-weighted {MRI} of a
                  diffusable tracer: {Standardized} quantities and
                  symbols},
  journal =	 JMRI,
  year =	 1999,
  volume =	 10,
  pages =	 {223--232}
}

@Article{tof-ker:measurement,
  author =	 {P S Tofts and A G Kermode},
  title =	 {Measurement of the blood-brain barrier permeability
                  and leakage space using dynamic {MR}
                  imaging. 1. {Fundamental} concepts},
  journal =	 MRM,
  year =	 1984,
  volume =	 17,
  number =	 2,
  pages =	 {357--367}
}

@Article{tof:modeling,
  author =	 {P S Tofts},
  title =	 {Modeling tracer kinetics in dynamic {Gd-DTPA} {MR}
                  imaging},
  journal =	 JMRI,
  year =	 1997,
  volume =	 7,
  pages =	 {91--101}
}

@Article{tor-etal:roles,
  author =	 {V Toronov and S Walker and R Gupta and J H Choi and
                  E Gratton and D Hueber and A Webb},
  title =	 {The roles of changes in deoxyhemoglobin
                  concentration and regional cerebral blood volume in
                  the {fMRI} {BOLD} signal},
  journal =	 NI,
  year =	 2003,
  note =	 {in press}
}

@Article{tou-etal:direct,
  author =	 {J-D Tournier and F Calamante and D G Gadian and A
                  Connelly},
  title =	 {Direct estiamtion of the fiber orientation density
                  function from diffusion-weighted {MRI} data using
                  spherical deconvolution},
  journal =	 NI,
  year =	 2004,
  volume =	 23,
  pages =	 {1176--1185}
}

@Article{tro-etal:contribution,
  author =	 {A Tropine and G Vucurevic and P Delani and S Boor
                  and N Hopf and J Bohl and P Stoeter},
  title =	 {Contribution of diffusion tensor imaging to
                  delineation of gliomas and glioblastomas},
  journal =	 JMRI,
  year =	 2004,
  volume =	 20,
  pages =	 {905--912}
}

@Article{tuc-etal:high,
  author =	 {D S Tuch and T G Reese and M R Wiegell and N Makris
                  and J W Belliveau and V J Wedeen},
  title =	 {High angular resolution diffusion imaging reveals
                  intravoxel white matter fiber heterogeneity},
  journal =	 MRM,
  year =	 2002,
  volume =	 48,
  pages =	 {577--582}
}

@Article{tuc-etal:macaque,
  author =	 {D S Tuch and J J Wisco and M H Khachaturian and L B
                  Ekstrom and R K\"{o}tter and W Vanduffel},
  title =	 {$Q$-ball imaging of macaque white matter
                  architecture},
  journal =	 PTRSB,
  year =	 2005,
  volume =	 360,
  number =	 1457,
  pages =	 {869--879}
}

@Article{tuc:Q-ball,
  author =	 {D S Tuch},
  title =	 {Q-ball imaging},
  journal =	 MRM,
  year =	 2004,
  volume =	 52,
  number =	 6,
  pages =	 {1358--1372}
}

@Unpublished{tur-ast-cun:logic,
  author =	 {F E Turkheimer and J A D Aston and V J Cunningham},
  title =	 {On the logic of hypothesis testing in functional
                  imaging},
  note =	 {Neuropathology Department, Faculty of Medicine,
                  Imperial College London},
  year =	 2002
}

@Article{tur-etal:modeling,
  author =	 {F E Turkheimer and R B Banati and D Visvikis and J A
                  D Aston and R N Gunn and V J Cunningham},
  title =	 {Modeling dynamic {PET--SPECT} studies in the wavelet
                  domain},
  journal =	 JCBFM,
  year =	 2000,
  volume =	 20,
  number =	 5,
  pages =	 {879--893}
}

@Article{tur-etal:multiresolution,
  author =	 {F E Turkheimer and M Brett and D Visvikis and V J
                  Cunningham},
  title =	 {Multiresolution analysis of emission tomography
                  images in the wavelet domain},
  journal =	 JCBFM,
  year =	 1999,
  volume =	 19,
  number =	 11,
  pages =	 {1189--1208}
}

@Article{tur-etal:noninvasive,
  author =	 {S E Turvey and E Swart and M C Denis and U Mahmood
                  and C Benoist and R Weissleder and D Mathis},
  title =	 {Noninvasive imaging of pancreatic inflammation and
                  its reversal in type 1 diabetes},
  journal =	 {Journal of Clinical Investigation},
  year =	 2005,
  volume =	 {xx},
  pages =	 {xxx--xxx},
  note =	 {doi:10.1172/JCI125048}
}

@Article{tur-hin-cun:undecidability,
  author =	 {F E Turkheimer and R Hinz and V J Cunningham},
  title =	 {On the undecidability among kinetic models: from
                  model selection to model averaging},
  journal =	 JCBFM,
  year =	 2003,
  volume =	 23,
  pages =	 {490--498}
}

@Article{tyl:ACG,
  author =	 {D E Tyler},
  title =	 {Statistical analysis for the angular central
                  {Gaussian} distribution on the sphere},
  journal =	 BKA,
  year =	 1987,
  volume =	 74,
  number =	 3,
  pages =	 {579--589}
}

@Article{tyl:asymptotic,
  author =	 {D E Tyler},
  title =	 {Asymptotic inference for eigenvectors},
  journal =	 AofS,
  year =	 1981,
  volume =	 9,
  number =	 4,
  pages =	 {725--736}
}

@Article{val-har-kar:hierarchical,
  author =	 {H Valpola and M Harva and J Karhunen},
  title =	 {Hierarchical models of variance sources},
  journal =	 SP,
  year =	 2004,
  volume =	 84,
  number =	 2,
  pages =	 {267--282}
}

@Article{van-etal:mapping,
  author =	 {J. D. {van Horn} and T. M. Ellmore and G. Esposito
                  and K. F. Berman},
  title =	 {Mapping Voxel-Based Statistical Power on Parametric
                  Images},
  journal =	 NI,
  year =	 1998,
  volume =	 7,
  pages =	 {97--107}
}

@Article{vaz-nol:nonlinear,
  author =	 {A. L. Vazquez and D. C. Noll},
  title =	 {Nonlinear aspects of the {BOLD} response in
                  functional {MRI}},
  journal =	 NI,
  year =	 1998,
  volume =	 7,
  number =	 2,
  pages =	 {108--118}
}

@InProceedings{vig-etal:identifying,
  author =	 {R. Vig\'ario and O. Jensen and R. Hari},
  title =	 {Identifying cortical sources of cortimuscle
                  coherence during bimanual muscle contraction by
                  {ICA}},
  booktitle =	 {13th International Conference on Biomagnetism},
  year =	 2002
}

@Article{vol-kom:weighted,
  author =	 {J Volaufov\'a and J Komorn{\'\i}k},
  title =	 {Weighted multivariate regression estimates solved by
                  random effects approach},
  journal =	 {Biometrical Journal},
  year =	 1994,
  volume =	 36,
  number =	 3,
  pages =	 {275--283}
}

@Article{von-thu:specified-resolution,
  author =	 {V {von Tscharner} and K R Thulborn},
  title =	 {Specified-resolution wavelet analysis of activation
                  patterns from {BOLD} contrast {fMRI}},
  journal =	 IEEETMI,
  year =	 2001,
  volume =	 20,
  number =	 8,
  pages =	 {704--714}
}

@Article{wak:bayesian,
  author =	 {J Wakefield},
  title =	 {The {Bayesian} analysis of population
                  pharmacokinetic models},
  journal =	 JASA,
  year =	 1996,
  volume =	 91,
  number =	 433,
  pages =	 {62--75}
}

@Article{wes-etal:processing,
  author =	 {C-F Westin and S E Maier and H Mamata and A Nabavi
                  and F A Jolesz and R Kikinis},
  title =	 {Processing and visualization for diffusion tensor
                  {MRI}},
  journal =	 MIA,
  year =	 2002,
  volume =	 6,
  pages =	 {93--108}
}

@Book{wes-you:resampling,
  author =	 {P H Westfall and S S Young},
  title =	 {Resampling-Based Multiple Testing: Examples and
                  Methods for $p$-value Adjustment},
  publisher =	 {John Wiley \& Sons},
  year =	 1993,
  address =	 {New York}
}

@InCollection{whe-etal:D,
  author =	 {C A M Wheeler-Kingshott and G J Barker and S C A
                  Steens and M A {van Buchem}},
  title =	 {{$D$}: the Diffusion of Water},
  booktitle =	 {Quantitative MRI of the Brain},
  crossref =	 {tof:book},
  pages =	 {203--256},
  chapter =	 7
}

@InProceedings{whi-tuc:diffusion05,
  author =	 {B Whitcher and D S Tuch},
  title =	 {Statistical group comparison of tensors using
                  multivariate hypothesis testing},
  booktitle =	 {Workshop on Methods for Quantitative Diffusion MRI
                  of Human Brain},
  pages =	 59,
  year =	 2005,
  address =	 {Lake Louise, Canada}
}

@InProceedings{whi-tuc-wan:ismrm05,
  author =	 {B Whitcher and D S Tuch and L Wang},
  title =	 {The wild bootstrap to quantify variability in
                  diffusion tensor {MRI}},
  booktitle =	 {Proceedings of the 13th Annual Meeting of ISMRM},
  pages =	 1333,
  year =	 2005,
  address =	 {Miami Beach}
}

@Article{whi-etal:WCA,
  author =	 {B Whitcher and A J Schwarz and H Barjat and S C
                  Smart and R I Grundy and M F James},
  title =	 {Wavelet-Based Cluster Analysis: Data-Driven Grouping
                  of Voxel Time-Courses With Application to
                  Perfusion-Weighted and Pharmacological {MRI} of the
                  Rat Brain},
  journal =	 NI,
  year =	 2005,
  volume =	 25,
  number =	 2,
  pages =	 {281--295}
}

@Article{whi:wavestrap,
  author =	 {B Whitcher},
  title =	 {Wavelet-Based Bootstrapping of Spatial Patterns on a
                  Finite Lattice},
  journal =      CSDA,
  year =	 2005,
  volume =       {??},
  number =       {?},
  pages =        {???--???}
}

@Misc{whi:multidimensional,
  author =	 {B Whitcher},
  title =	 {Multidimensional Wavelet Methods for {MRI} Data},
  note =	 {Presented at the 9th International Conference on
                  Functional Mapping of the Human Brain, June 19-22,
                  2003, New York, NY. Available on CD-Rom in
                  {\em NeuroImage}, Vol. 19, No. 2},
  year =	 2003,
}

@Article{wie-lar-wed:fiber,
  author =	 {M R Wiegell and H B W Larsson and V J Wedeen},
  title =	 {Fiber crossing in human brain depicted with
                  diffusion tensor {MR} imaging},
  journal =	 {Radiology},
  year =	 2000,
  volume =	 217,
  pages =	 {897--903}
}

@Article{win-roe:denoising,
  author =	 {A M Wink and J B T M Roerdink},
  title =	 {Denoising functional {MR} images: {A} comparison of
                  wavelet denoising and {Gaussian} smoothing},
  journal =	 IEEETMI,
  year =	 2004,
  volume =	 23,
  number =	 3,
  pages =	 {374--387}
}

@Article{wol-etal:inferior,
  author =	 {A Wolkin and S J Choi and S Szilagyi and M Sanfilipo
                  and J P Rotrosen and K O Lim},
  title =	 {Inferior frontal white matter anisotropy and
                  negative symptonms in schizophrenia: a diffusion
                  tensor imaging study},
  journal =	 AJP,
  year =	 2003,
  volume =	 160,
  number =	 3,
  pages =	 {572--574}
}

@Article{woo-etal:autocorrelation,
  author =	 {M W Woolrich and B D Ripley and M Brady and S M
                  Smith},
  title =	 {Temporal autocorrelation in univariate linear
                  modelling of {FMRI} data},
  journal =	 NI,
  year =	 2001,
  volume =	 14,
  number =	 6,
  pages =	 {1370--1386}
}

@Article{woo-etal:fully,
  author =	 {M W Woolrich and M Jenkinson and M Brady and S M
                  Smith},
  title =	 {Fully {Bayesian} spatio-temporal modeling of {FMRI}
                  data},
  journal =	 IEEETMI,
  year =	 2004,
  volume =	 23,
  number =	 2,
  pages =	 {213--231}
}

@Article{woo-joh:denoising,
  author =	 {J C Wood and K M Johnson},
  title =	 {Wavelet packet denoising of magnetic resonance
                  images: {Importance} of {Rician} noise at low {SNR}},
  journal =	 MRM,
  year =	 1999,
  volume =	 41,
  pages =	 {631--635}
}

@Article{woo-whi-cut:likelihood,
  author =	 {J Wood and I R White and P Cutler},
  title =	 {A likelihood-based approach to defining statistical
                  significance in proteomic analysis where missing
                  data cannot be disregarded},
  journal =	 SP,
  year =	 2004,
  volume =	 84,
  pages =	 {1777--1788}
}

@Article{wor-etal:general,
  author =	 {K J Worsley and C H Liao and J Aston and V Petre and
                  G H Duncan and F Morales and A C Evans},
  title =	 {A general statistical approach for {fMRI} data},
  journal =	 NI,
  year =	 2002,
  volume =	 15,
  number =	 1,
  pages =	 {1--15}
}

@Article{wor-etal:unified,
  author =	 {K J Worsley and S Marrett and P Neelin and A C
                  Vandal and K J Friston},
  title =	 {A unified statistical approach for determining
                  significant signals in images of ceregral
                  activation},
  journal =	 HBM,
  year =	 1996,
  volume =	 4,
  pages =	 {58--73}
}

@Article{wor-etal:unified2,
  author =	 {K J Worsley and J E Taylor and F Tomaiuolo and J
                  Lerch},
  title =	 {Unified univariate and multivariate random field
                  theory},
  journal =	 NI,
  year =	 2004,
  volume =	 23,
  number =	 {Supplement~1},
  pages =	 {S189--S195}
}

@Article{wor-fri:again,
  author =	 {K J Worsley and K J Friston},
  title =	 {Analysis of {fMRI} time series revisited---again},
  journal =	 NI,
  year =	 1995,
  volume =	 2,
  pages =	 {173--181}
}

@Article{wor:detecting,
  author = 	 {K J Worsley},
  title = 	 {Detecting activation in {fMRI} data},
  journal = 	 SMMR,
  year = 	 2003,
  volume =	 12,
  number =	 5,
  pages =	 {401--418}
}

@InCollection{wor:statistical,
  author =	 {K J Worsley},
  title =	 {Statistical analysis of activation images},
  booktitle =	 {Functional MRI},
  crossref =	 {jez-mat-smi:fMRI},
  pages =	 {251--270}
}

@Article{wu-etal:quantitative,
  author =	 {Y-C Wu and A S Field and M K Chung and B Badie and A
                  L Alexander},
  title =	 {Quantitative analysis of diffusion tensor
                  orientation: {Theoretical} framework},
  journal =	 MRM,
  year =	 2004,
  volume =	 52,
  pages =	 {1146--1155}
}

@Article{wu-etal:transient,
  author =	 {G Wu and F Luo and Z Li and S-J Li},
  title =	 {Transient relationships among {BOLD}, {CBV}, and
                  {CBF} changes in rat brain as detected by functional
                  {MRI}},
  journal =	 MRM,
  year =	 2002,
  volume =	 48,
  number =	 6,
  pages =	 {987--993}
}

@Article{xu-etal:heroin,
  author =	 {H. Xu and S.-J. Li and J. Bodurka and X. Zhao and
                  Z. X. Xi and E. A. Stein},
  title =	 {Heroin-induced neuronal activation in rat brain
                  assessed by function {MRI}},
  journal =	 NR,
  year =	 2000,
  volume =	 11,
  number =	 5,
  pages =	 {1085--1092}
}

@Article{yam-etal:evaluating,
  author =	 {O Yamashita and N Sadato and T Okada and T Ozaki},
  title =	 {Evaluating freqeuncy-wise directed connectivity of
                  {BOLD} signals applying relative power contribution
                  with a linear multivariate time-series model},
  journal =	 NI,
  year =	 2005,
  volume =	 {??},
  pages =	 {???--???}
}

@Article{yam-etal:stroke,
  author =	 {K Yamada and H Ito and H Nakamura and O Kizu and W
                  Akada and T Kubota and M Goto and J Konishi and K
                  Yoshikawa and K Shiga and M Nakagawa and S Mori and
                  T Nishimura},
  title =	 {Stroke patients' evolving symptoms assessed by
                  tractography},
  journal =	 JMRI,
  year =	 2004,
  volume =	 20,
  pages =	 {923--929}
}

@Article{yan-etal:quantitative,
  author =	 {T E Yankeelov and J J Luci and M Lepage and R Li and
                  L Debusk and P C Lin and R R Price and J C Gore},
  title =	 {Quantitative pharmacokinetic analysis of {DCE-MRI}
                  data without an arterial input function: a reference
                  region model},
  journal =	 MRI,
  year =	 2005,
  volume =	 23,
  pages =	 {519--529}
}

@Article{yee-gao:improved,
  author =	 {Seong-Hwan Yee and Jia-Hong Gao},
  title =	 {Improved detection of time windows of brain
                  responses in {fMRI} using modified temporal
                  clustering analysis},
  journal =	 MRI,
  year =	 2002,
  volume =	 20,
  number =	 1,
  pages =	 {17--26}
}

@Article{you-etal:towards,
  author =	 {D. Young and C. A. Glaseby and A. J. Gray and
                  N. J. Martin},
  title =	 {Towards automatic cell identification in {DIC}
                  microscopy},
  journal =	 {Journal of Microscopy},
  year =	 1998,
  volume =	 192,
  number =	 2,
  pages =	 {186--193}
}

@Article{you-soh-mau:automated2,
  author =	 {K. Young and B. J. Soher and A. A. Maudsley},
  title =	 {Automated spectral analysis {II}: {A}pplication of
                  wavelet shrinkage for characterization of
                  non-parameterized signals},
  journal =	 MRM,
  year =	 1998,
  volume =	 40,
  pages =	 {816--821}
}

@Article{zar-agu-des:empirical1,
  author =	 {E. Zarahn and G. K. Aguirre and M. D'Esposito},
  title =	 {Empirical analyses of {BOLD} {fMRI} statistics: {I.}
                  {Spatially} unsmoothed data collected under
                  null-hypothesis conditions},
  journal =	 NI,
  year =	 1997,
  volume =	 5,
  number =	 3,
  pages =	 {179--197}
}

@Article{zar-sli:reference,
  author =	 {E Zarahn and M Slifstein},
  title =	 {A reference effect approach for power analysis in
                  {fMRI}},
  journal =	 NI,
  year =	 2001,
  volume =	 14,
  pages =	 {768--779}
}

@Article{zen-etal:software,
  author =	 {D Zennaro and P Wellig and V M Koch and G S Moschytz
                  and T L\"abli},
  title =	 {A software package for the decomposition of
                  long-term multichannel {EMG} signals using wavelet
                  coefficients},
  journal =	 IEEETBE,
  year =	 2003,
  volume =	 50,
  number =	 1,
  pages =	 {58--69}
}

@Article{zhu-etal:quantification,
  author =	 {X P Zhu and K L Li and I D {Kamaly-Asl} and D R
                  Checkley and J J L Tessier and J C Waterton and A
                  Jackson},
  title =	 {Quantification of endothelial permeability, leakage
                  space, and blood volume in brain tumors using
                  combined {T1} and {T2*} contrast-enhanced dynamic
                  {MR} imaging},
  journal =	 JMRI,
  year =	 2000,
  volume =	 11,
  pages =	 {575--585}
}

@InProceedings{zog-etal:rayleigh,
  author =	 {D A Zogas and G K Karagiannidis and S A Kotsopoulos
                  and P T Mathiopoulos},
  title =	 {An efficient approach to the exponentially
                  correlated {Rayleigh} istribution},
  booktitle =	 {Proceedings of the IEEE Personal, Indoor and Mobile
                  Radio Communications},
  pages =	 {1195--1199},
  year =	 2002,
  volume =	 3
}

@Article{zol-mac-mar:phasing,
  author =	 {Z Zolnai and S Macura and J L Markley},
  title =	 {Phasing two- and three-dimensional {NMR} spectra by
                  use of the {H}ilbert transform can save computer
                  time and space},
  journal =	 JMR,
  year =	 1990,
  volume =	 89,
  pages =	 {94--101}
}

